3867 6450
820 1020 881 1080 107

205 1214 234 1274 p.
268 1200 315 1259 73
348 1202 504 1262 amicus
532 1218 573 1263 ne
596 1204 875 1264 commemoravit
903 1203 1051 1283 quidem,
1075 1203 1163 1263 hunc
1185 1202 1294 1262 locum
1317 1205 1465 1278 transpo-

205 1312 329 1373 sitione
356 1329 450 1374 esse
480 1316 675 1376 sanandum.
700 1315 805 1376 Hodie
824 1320 935 1377 autem
956 1317 1066 1378 locum
1087 1316 1135 1376 sic
1154 1316 1222 1376 iere
1242 1313 1466 1391 retingendum

208 1439 281 1486 esse
306 1428 501 1502 suspicor:

506 1546 644 1620 φθειρῶν
667 1536 698 1601 δ’
720 1540 855 1621 ἀριθμὸν
879 1542 961 1606 (τὸν
982 1544 1205 1620 παμπληθῆῗ)
1220 1539 1285 1602 nal
1309 1546 1467 1618 ψυλλῶν

1136 1651 1209 1716 olidi
1232 1653 1306 1735 λέγω
1332 1673 1378 1716 σοι
1439 1641 1442 1648 ’

482 1766 570 1850 ‚nal
596 1768 810 1845 κωνώπων,
836 1770 874 1830 οἳ
895 1769 1146 1848 βομβοῦντες
1168 1765 1236 1847 περὶ
1258 1767 1312 1846 τὴν
1332 1769 1467 1846 κεφαλὴν

1237 1879 1379 1957 ἀνιῶσιν,

509 1992 788 2074 ἐπεγείροντες
829 1993 881 2054 καὶ
917 1995 1146 2074 φράζοντες·
1189 1995 1372 2070 ηπεινήσεις,
1406 1989 1465 2055 dtt’

1197 2104 1377 2166 ἐπανίστω.”

264 2219 424 2295 Qualem
466 2223 649 2298 corrigendi
691 2223 857 2284 rationem
891 2222 999 2282 multo
1033 2221 1146 2282 minus
1179 2221 1362 2282 violentam
1397 2237 1470 2282 esse

223 2347 327 2405 quam
367 2335 486 2410 prima
515 2336 599 2396 facie
630 2335 794 2411 videatur,
824 2333 918 2396 dabis
947 2334 1031 2395 mihi
1059 2337 1230 2409 reputans,
1263 2333 1369 2395 semel
1398 2333 1470 2395 loco

225 2461 285 2506 suo
316 2449 434 2509 motis
458 2449 567 2509 verbis
591 2446 641 2507 καὶ
667 2447 821 2508 κωνώπων
852 2446 1041 2508 necessario
1067 2446 1316 2522 participiorum
1344 2448 1470 2509 formas

227 2563 447 2623 masculinas
468 2563 503 2622 in
520 2561 700 2623 femininas
718 2563 822 2623 fuisse
841 2562 1092 2623 convertendas.
1113 2562 1234 2622 linem.
1254 2561 1333 2621 XIX
1353 2577 1383 2637 p.
1404 2563 1468 2622 392

104 2683 106 2764 l
230 2688 340 2747 genus
378 2677 581 2738 femininum
614 2677 733 2737 tuebar
766 2676 996 2737 observatione
1030 2675 1225 2751 saepissime
1261 2675 1402 2737 Graecos
1437 2676 1469 2734 in

106 2777 110 2830 l
230 2786 359 2861 plurali
395 2790 434 2851 de
464 2790 679 2867 animalibus,
708 2790 809 2850 etiam
843 2789 899 2849 ubi
929 2789 1022 2849 nulla
1051 2805 1154 2849 sexus
1183 2788 1343 2848 habeatur
1372 2787 1469 2861 ratio,

234 2899 317 2961 illud
358 2903 532 2979 adhibere,
568 2903 690 2963 melius
719 2903 838 2964 saltem
871 2917 970 2977 quam
1001 2903 1147 2977 Append.
1183 2901 1234 2961 ad.
1271 2899 1362 2960 Stud.
1399 2900 1470 2959 crit.

237 3028 266 3086 p.
288 3016 335 3075 20
362 3031 425 3093 sq„
450 2995 506 3077 ubi
529 3017 637 3077 frusta
660 3016 880 3090 provocabam
904 3015 945 3075 ad
966 3015 1147 3076 scholium:
1176 3018 1317 3089 θηλυκῶς
1341 3010 1374 3071 δέ
1395 3033 1472 3083 τινες

237 3124 322 3206 τὴν,
341 3128 511 3189 κώνωπα
542 3126 617 3189 κατὰ
639 3127 711 3200 τοὺς
730 3123 890 3200 Ἀττικούς.

237 3304 297 3367 Va.
324 3308 403 3368 584.
512 3307 563 3367 ἵνα
585 3306 656 3379 τοὺς
670 3304 821 3385 Ἕλληνας
845 3306 980 3378 ἅπαντας
1004 3304 1049 3366 ἀεὶ
1073 3302 1119 3367 δι’
1151 3304 1265 3377 ἔτους
1291 3302 1470 3383 πέμπτον

1207 3419 1382 3499 ξυναγείρει.

289 3533 398 3594 Huius
440 3550 557 3596 versus
598 3535 808 3595 authentiam
850 3535 962 3595 contra
1004 3533 1162 3594 Oobetum
1204 3535 1294 3593 recte
1329 3531 1473 3592 defendit
1561 3570 1564 3577 ·

248 3646 442 3708 vLeeuwen.
466 3648 670 3723 Reputemus
694 3648 796 3707 etiam
818 3649 885 3707 vim
904 3647 1197 3707 demonstrationis
1221 3661 1341 3719 augere
1364 3644 1475 3703 addita

249 3760 349 3820 verba
371 3754 411 3819 δι’
437 3757 522 3831 ἔτους
544 3758 695 3837 πέμπτου,
718 3775 796 3821 nam
821 3776 884 3834 quo
908 3762 1016 3820 rarius
1036 3759 1189 3834 Olympia
1208 3757 1472 3831 celebrabantur,

248 3886 286 3932 eo
309 3873 410 3933 vilius
433 3874 592 3934 victoriae
614 3874 802 3947 praemium
827 3872 930 3933 videri
953 3872 1094 3933 debebat
1115 3886 1237 3932 corona
1259 3870 1440 3945 oleaginea.

251 4049 306 4112 Vs.
331 4052 407 4112 597.
477 4050 523 4111 di.
554 4051 668 4112 Herm.
700 4051 756 4112 l.l.
787 4068 818 4127 p.
849 4052 924 4112 634.
956 4052 996 4110 In
1021 4050 1159 4111 subiecti
1184 4049 1366 4110 mutatione
1390 4049 1474 4108 satis

250 4164 413 4239 frequenti
447 4164 532 4240 apud
566 4165 743 4239 scriptores
781 4165 924 4225 Graecos
959 4179 1020 4224 nec
1057 4164 1089 4223 h.
1125 4165 1146 4225 l.
1177 4166 1308 4239 propter
1338 4177 1473 4222 versum

252 4280 503 4339 antecedentem
525 4278 655 4339 duriore
679 4292 744 4338 non
768 4277 971 4338 haerendum
995 4291 1068 4338 esse
1090 4278 1240 4337 arbitror.

253 4437 307 4500 Vs.
332 4441 407 4501 631.
477 4438 523 4500 Gi.
551 4440 665 4502 Herm.
689 4440 745 4501 l.l.
774 4439 856 4515 Quid
879 4440 1074 4501 Leeuwenio
1097 4440 1131 4499 in
1155 4439 1348 4515 verborum,
1372 4440 1409 4498 ut
1430 4436 1476 4495 ibi

252 4552 468 4628 corrigebam,
493 4554 662 4612 structura
681 4552 853 4627 displiceat
875 4568 930 4612 me
953 4553 1046 4613 latet.
1067 4551 1220 4612 Ceterum
1240 4552 1380 4612 fortasse
1400 4563 1478 4608 vera

252 4667 303 4725 est
324 4664 497 4739 ingeniosa
518 4665 623 4739 ipsius
647 4665 835 4725 coniectura
857 4662 916 4743 πρὸ
939 4672 993 4724 τοῦ
1016 4679 1075 4739 pro
1097 4673 1216 4723 ταυτοῦ.

251 4826 306 4888 Vs.
331 4828 407 4888 668.
476 4827 589 4889 Herm.
618 4827 677 4888 l.l.
708 4828 910 4888 adversabar
938 4826 1106 4901 Blaydesii
1137 4827 1345 4887 coniecturae
1375 4833 1477 4906 ψυχρᾷ

248 4934 278 4998 ’ν
300 4938 450 5022 θαλάττῃ,
476 4954 617 5000 monens
640 4938 795 4999 θάλατταν
819 4954 893 5000 esse
925 4955 1074 5013 aquam
1107 4938 1323 4998 marinam.
1348 4934 1475 4996 Mecum

251 5052 333 5111 iacit
354 5053 549 5113 vLeeuwen.
