3867 6450
971 1053 1033 1113 108

390 1242 445 1302 Vs.
471 1242 546 1302 687.
615 1241 741 1300 Ibidem
765 1238 904 1299 fallebar
930 1236 1095 1298 coniciens
1118 1235 1300 1316 προύδίδαξέ
1323 1259 1385 1308 πως
1409 1253 1466 1312 pro
1490 1237 1617 1310 προυδί-

388 1353 506 1426 tagam.
527 1352 818 1427 paratragoediam
838 1365 913 1411 esse
926 1349 1009 1410 vidit
1027 1349 1169 1425 collega,
1190 1350 1262 1411 coll.
1283 1351 1379 1425 Soph.
1400 1351 1515 1410 Trach.
1537 1351 1618 1410 682.

389 1579 444 1640 Vs.
469 1579 544 1640 688.
631 1576 664 1636 τὸ
689 1575 814 1658 γρᾴδιον
845 1569 876 1634 δ’
910 1571 950 1647 ὡς
970 1572 1082 1658 ᾔσθετο
1106 1573 1155 1651 (ll
1179 1576 1248 1635 cod.
1273 1575 1312 1645 A)
1336 1596 1395 1651 μου
1419 1573 1471 1635 τὸν
1494 1574 1620 1651 ψόφον,

632 1687 687 1766 τήν
710 1683 777 1767 χεῖρ’
804 1686 903 1772 ἐπῇρε.

433 1804 556 1866 Vocula
583 1803 622 1879 δή
645 1804 678 1863 in
702 1803 771 1863 cod.
799 1802 827 1861 Α
851 1800 963 1876 procul
986 1800 1084 1861 dubio
1109 1801 1246 1862 metrico
1270 1800 1407 1862 debetur
1429 1802 1617 1862 correctori.

387 1916 494 1992 Vulgo
523 1917 655 1990 quidem
685 1910 801 1996 (etiam
832 1929 852 1973 a
882 1913 1088 1982 Leeuwenio)
1119 1915 1254 1987 recepta
1284 1916 1335 1973 est
1365 1913 1451 1974 lenis
1477 1914 1620 1973 Porsoni

389 2031 577 2091 coniectura
606 2027 771 2111 ᾐσθάνετο,
801 2028 860 2088 sed
891 2027 999 2102 aptior
1028 2025 1158 2086 videtur
1195 2027 1338 2086 aoristus
1369 2030 1426 2086 eut
1457 2041 1618 2101 praesens

388 2143 595 2218 historicum,
617 2156 731 2217 quare,
752 2140 900 2201 numeris
919 2141 1057 2201 excluso
1076 2138 1133 2201 illo
1151 2143 1315 2216 tempore,
1336 2141 1448 2202 nescio
1467 2157 1508 2201 an
1524 2156 1616 2216 prae·

387 2255 522 2316 ferenda
538 2254 583 2315 sit
602 2254 766 2328 Lentingii
785 2254 975 2313 coniectura
994 2253 1184 2328 αἰσθάνεται,
1204 2255 1298 2314 cuius
1314 2255 1441 2314 formas
1452 2254 1616 2316 traditum

389 2366 499 2452 ᾔσθετο
523 2367 692 2441 glossema
715 2381 790 2426 esse
812 2365 974 2440 suspicor.

388 2582 445 2642 Vs.
470 2581 546 2644 701.
615 2579 742 2641 collata
777 2595 845 2641 var.
881 2580 967 2655 lect,
1003 2580 1122 2641 Muem.
1159 2581 1189 2640 X
1220 2598 1250 2658 p.
1277 2583 1317 2643 81
1351 2581 1391 2642 ad
1422 2580 1617 2656 exemplum

388 2695 473 2755 Elccl.
499 2695 563 2755 725
587 2693 788 2769 reponebam
815 2688 1158 2769 (παρακολουθοῦν.

351 2909 354 2930 ·
387 2897 443 2957 Vs,
470 2897 544 2958 708.
653 2890 1067 2973 Μο1.σὺοὲιτοςεώρας;

654 3007 725 3068 Car.
950 3005 1002 3066 διὰ
1024 3015 1077 3067 τοῦ
1101 3007 1276 3086 τριβωνίου,

759 3116 835 3191 ὀττὰς
858 3117 914 3199 γὰρ
939 3113 1014 3198 εἶχεν
1038 3119 1094 3180 οὐκ
1117 3116 1226 3200 ὀλίγοις.

431 3236 493 3296 Hic
511 3236 603 3296 locus
622 3236 656 3295 in
677 3235 873 3295 memoriam
893 3237 1027 3295 revocat
1046 3235 1127 3296 Ach.
1146 3237 1225 3311 435,
1245 3235 1300 3295 ubi
1318 3236 1461 3297 laceram
1478 3213 1616 3310 reiepur

388 3352 516 3410 vestem
541 3349 581 3408 ab
597 3343 756 3421 ‘Euripide
780 3346 945 3420 accipiens
967 3346 1173 3423 Dicaeopolis
1195 3348 1314 3409 festive
1338 3348 1518 3409 exclamat:
1561 3370 1564 3375 ¹

654 3452 677 3518 ὦ
701 3462 761 3518 Ζεῦ
785 3458 892 3518 διόπτα
915 3456 965 3518 uoti
988 3458 1119 3519 κατόπτα
1142 3469 1304 3538 πανταχοῦ.

387 3575 591 3635 Homines
620 3576 799 3648 pertusa
828 3572 950 3632 laena
982 3572 1127 3648 appellat
1146 3574 1313 3634 Iuvenalis
1336 3572 1364 3631 V
1391 3574 1463 3633 131.

385 3764 441 3825 Vs.
466 3765 654 3825 lli-788.
723 3762 909 3823 ‘turbatum
940 3778 1097 3823 versuum
1128 3765 1275 3825 ordinem
1301 3764 1442 3824 feliciter
1465 3763 1617 3823 restituit

386 3880 583 3953 vLesuwen,
609 3877 660 3936 cui
682 3879 797 3936 tamen
821 3878 898 3936 ante
921 3891 971 3936 vs.
998 3877 1061 3937 788
1464 3860 1469 3869 ’

654 3979 677 4045 ὦ
707 3980 818 4061 φίλτατ’
852 3984 972 4064 ἀνδρῶν
1002 3985 1066 4046 καὶ
1097 3988 1143 4047 σὺ
1174 3985 1239 4048 καὶ
1269 3987 1314 4048 σὺ
1344 3988 1478 4066 χαίρετον

386 4104 437 4173 (cf.
462 4101 559 4177 Vesp.
586 4102 662 4171 452)
693 4100 847 4161 lacunam
870 4101 1034 4161 statuenti
1057 4115 1123 4162 non
1147 4103 1324 4178 assentior,
1349 4102 1614 4176 quandoquidem

385 4231 439 4278 res
468 4215 502 4275 in
533 4228 633 4274 scena
663 4214 785 4289 agitur,
818 4212 887 4289 ubi,
921 4216 1096 4289 conspecto
1127 4215 1194 4275 iam
1226 4214 1336 4291 Pluto,
1365 4215 1439 4289 quis
1466 4215 1548 4275 alter
1574 4216 1614 4273 σύ

386 4330 489 4403 esset,
513 4328 682 4387 neminem
705 4328 929 4401 spectatorum
953 4326 1057 4387 latere
1080 4329 1220 4401 poterat.

386 4529 443 4590 Vs.
468 4529 543 4589 sor.
653 4523 806 4605 ιιισταιν,
836 4525 876 4599 ις
908 4508 1187 4605 ἁρπασόμενος
1217 4538 1278 4588 τοι
1309 4528 1447 4606 reparet.

429 4644 476 4705 De
496 4645 660 4718 frequenti
675 4645 759 4718 apud
780 4644 924 4703 comicos
943 4645 1064 4718 pedum
1084 4645 1174 4703 tertii
1195 4647 1229 4705 et
1247 4644 1354 4718 quarti
1370 4659 1436 4704 uno
1452 4642 1615 4703 vocabulo
1730 4624 1734 4629 ⁵

387 4758 677 4833 comprehensione
701 4756 817 4817 multis
833 4758 886 4831 egi
906 4758 939 4816 in
960 4758 1148 4832 Appendice
1165 4761 1205 4818 ad
1223 4757 1315 4818 Stud.
1333 4757 1404 4818 crit.
1422 4773 1452 4833 p.
1467 4756 1614 4817 21—25.

386 4954 442 5015 Vs.
467 4954 542 5015 807.
611 4953 690 5013 Voci
723 4968 860 5028 graecae
893 4953 987 5013 οιττύα
1021 4954 1198 5029 respondet
1230 4954 1347 5015 Latina
1382 4953 1612 5029 simpulum

387 5068 458 5127 sire
481 5068 745 5142 simpuvium.
