3867 6450
888 1110 930 1169 23

340 1300 409 1360 Aut
438 1300 538 1374 igitur
560 1299 664 1373 fallor,
689 1300 747 1358 aut
769 1298 881 1357 noster
903 1300 993 1357 recte
1016 1299 1050 1357 et
1072 1298 1184 1357 ordine
1207 1298 1381 1372 scripsisse
1405 1298 1517 1357 existi·

288 1414 440 1473 mandus
463 1417 531 1474 est:

897 1522 967 1585 oda
990 1523 1078 1585 ἴσον
1100 1524 1298 1601 θαυμάζομεν

563 1636 603 1710 δος
627 1633 664 1699 ὅτ’
691 1638 732 1709 εἰς
755 1637 806 1710 τὰς
829 1638 1024 1717 ἱππαγωγοὺς
1047 1637 1214 1715 εἰσεπήδων
1237 1635 1395 1715 ἀνδρικῶς.

333 1750 416 1812 Ἴσον
441 1757 529 1814 recte
558 1755 603 1814 sit
626 1753 689 1813 dici
711 1767 809 1827 posse
830 1752 1075 1827 persuadebunt
1097 1755 1227 1827 praeter
1250 1752 1389 1826 analoga
1412 1751 1519 1811 multa

285 1867 356 1927 loci
381 1866 474 1927 citati
497 1868 529 1927 in
553 1866 713 1927 Thesauri
736 1866 800 1926 vol.
825 1866 870 1925 IV
894 1882 924 1940 p.
951 1868 1026 1927 682.

288 2116 350 2176 Vs.
375 2118 439 2177 554
463 2132 512 2191 sq.
537 2118 570 2177 et
588 2132 637 2177 vs.
662 2117 737 2177 588.
762 2116 808 2176 De
831 2116 884 2176 his
908 2116 973 2176 vid.
998 2116 1116 2176 linem.
1140 2116 1197 2177 l.l.
1221 2132 1252 2191 p.
1277 2118 1330 2175 44.

286 2368 350 2430 VS.
376 2370 451 2430 603.
560 2366 688 2445 ληπτέον
719 2371 841 2444 μᾶλλον,
870 2366 906 2425 τί
933 2366 1102 2444 δρῶμεν;
1126 2364 1182 2425 act.

338 2483 508 2556 Hodieque
538 2483 621 2542 mihi
650 2482 757 2557 placet
788 2481 976 2541 coniectura
1005 2480 1173 2556 proposita
1202 2480 1275 2539 Ex.
1293 2478 1371 2539 Orit.
1398 2496 1429 2555 p.
1456 2480 1515 2539 VII

287 2597 405 2675 μᾶλλόν
427 2620 476 2673 τι,
499 2588 658 2675 ὦνδρες,
680 2598 757 2672 quia
780 2598 837 2657 vix
860 2601 911 2657 est
933 2598 979 2657 ibi
1001 2597 1165 2658 formulae
1188 2598 1358 2657 dubitandi
1383 2597 1484 2658 locus.

288 2848 348 2909 VS.
374 2850 449 2910 605.
558 2852 622 2919 ταῖς
646 2844 750 2919 ὁπλαῖς
774 2845 905 2925 ὤρυττον
928 2844 1019 2919 εὐνὰς
1042 2844 1092 2905 καὶ
1115 2856 1247 2930 μετῇσαν
1270 2846 1493 2924 στρώματα,

558 2958 671 3039 ἤσθιον
694 2957 727 3021 δὲ
749 2960 818 3033 τοὺς
841 2958 1014 3040 παγούρους
1038 2957 1104 3019 ἀντὶ
1126 2960 1214 3032 ποίας
1239 2960 1392 3037 Μηδικῆς.
1465 2957 1469 2964 ’
1519 2957 1522 2961 ’

336 3074 399 3135 Ρτο
432 3074 572 3135 lectione
606 3073 808 3152 βρώματα,
841 3090 939 3148 quam
979 3075 1174 3149 „manifeste
1207 3074 1385 3134 vitiosam”
1405 3056 1515 3134 'vocat

289 3189 490 3265 vLeeuwsn,
521 3189 634 3250 tamen
664 3189 808 3250 militare
832 3189 959 3250 videtur
992 3203 1108 3249 versus
1137 3202 1292 3264 sequens,
1321 3187 1355 3248 et
1376 3186 1513 3248 falsissi-

289 3317 386 3362 mum
420 3305 473 3362 est
507 3302 591 3376 quod
625 3303 795 3363 contendit
827 3303 934 3380 βρῶμα
964 3317 1029 3362 non
1070 3317 1144 3362 esse
1186 3302 1340 3384 dictionis
1382 3303 1512 3363 atticae.

286 3415 439 3489 Inspicas
463 3416 546 3475 mihi
575 3416 698 3476 Iacobii
724 3416 909 3476 comicae
933 3416 1141 3476 dictionis
1158 3416 1343 3476 indicem
1367 3432 1439 3478 ar.
1464 3416 1511 3478 cf.

288 3530 393 3589 etiam
427 3528 567 3589 Willens
597 3529 617 3590 1.
637 3529 658 3590 l.
687 3546 717 3605 p.
745 3531 784 3589 14
808 3545 856 3604 sq.
888 3529 1041 3590 ceterum
1072 3532 1148 3589 utra
1173 3529 1271 3589 lectio
1298 3530 1514 3604 praeferenda

287 3643 337 3703 sit
359 3643 501 3717 ambigo.

286 3882 346 3942 Vs.
370 3883 445 3943 607.
514 3883 633 3944 Mnem.
657 3882 702 3942 IV
725 3899 772 3958 pr.
796 3899 859 3944 ser.
884 3899 913 3944 a.
941 3884 1025 3943 1855
1050 3883 1225 3944 emendavi
1244 3900 1274 3958 p.
1295 3885 1358 3944 217
1381 3880 1512 3959 ἀνεφρυ-

286 3988 396 4068 άξανθ’
422 4011 478 4070 pro
502 3992 699 4073 ἀνεβρύαξαν.
724 3996 859 4070 Recepit
881 3997 1078 4056 vLeeuwen.

285 4247 345 4307 Vs.
370 4248 446 4307 626.
555 4240 572 4305 δ
596 4239 624 4305 δ’
649 4239 693 4322 ἄρ’
718 4243 808 4305 ἔνδον
832 4241 1011 4324 ἐλασίβροντ’
1039 4244 1231 4327 ἀναρρηγνὺς
1254 4246 1312 4325 ἔπη

555 4359 784 4439 τερατευόμενος
807 4357 942 4440 ἤρειδε
966 4358 1041 4420 κατὰ
1063 4369 1123 4420 τῶν
1146 4359 1263 4422 ἱππέων

555 4472 707 4552 κρημνοὺς
731 4470 812 4551 ἔρεί
819 4473 837 4533 δ
845 4467 967 4533 ωνπαὶ
991 4472 1165 4550 ξυνωμότας
1188 4471 1290 4553 λέγων.

332 4589 538 4649 Lenissimae
568 4591 613 4665 et,
646 4591 684 4648 ut
714 4589 795 4649 mihi
818 4589 950 4663 quidem
976 4588 1114 4664 videtur,
1139 4590 1334 4664 aptissimae
1357 4589 1512 4650 Brunckii

285 4702 510 4763 emendationi
544 4699 708 4781 ἐρείπων
742 4702 865 4762 bellum
900 4703 1021 4762 indixit
1055 4702 1181 4776 collega
1210 4703 1393 4776 Leidensis,
1426 4703 1511 4776 quod

284 4815 333 4876 sit
363 4815 501 4875 verbum
531 4816 673 4890 epicum,
706 4830 766 4875 nec
796 4814 1040 4875 coniciendi
1071 4816 1129 4875 sed
1159 4815 1400 4891 evertendi,
1433 4815 1511 4875 dei·

285 4927 428 4989 ciendi
453 4928 521 4987 vim
549 4928 679 4987 habeat.
709 4929 753 4989 At
777 4928 866 4987 enim
890 4928 972 4996 haec
993 4927 1067 5002 ipsa
1089 4928 1179 4987 notio
1203 4928 1379 5002 imperiose
1402 4927 1510 5001 postu·

284 5041 386 5116 latur,
422 5044 593 5115 propterea
628 5041 713 5114 quod
748 5039 880 5118 κρημνός
914 5056 980 5100 non
1015 5041 1067 5099 est
1097 5040 1209 5115 lapis
1242 5042 1313 5100 sive
1344 5055 1509 5115 saxum,

285 5153 346 5213 sed
376 5168 516 5228 rupee,
548 5168 632 5227 quae
662 5160 699 5215 ut
730 5154 845 5220 cadere
877 5155 983 5229 possit
1014 5155 1245 5215 evertenda
1276 5157 1329 5215 est
1358 5158 1396 5215 ut
1419 5155 1510 5215 urbis
