3867 6450
826 988 870 1092 εν

234 1222 369 1295 efficiat,
412 1224 448 1281 ut
490 1221 614 1296 opinor,
654 1235 809 1294 graecum
852 1234 926 1279 esee
966 1228 1073 1278 τοῦτον
1113 1218 1166 1279 τὸν
1201 1218 1290 1296 λόγον
1324 1216 1460 1293 ἐπείσθη.

235 1335 285 1397 Of.
310 1336 396 1396 infra
419 1336 458 1395 ad
482 1334 564 1395 Nub.
590 1335 666 1395 633.

237 1540 294 1601 Vs.
323 1541 418 1600 1094.
505 1530 565 1597 εἶτα
590 1535 806 1596 κατασπένδειν
830 1535 925 1596 κατὰ
948 1546 1014 1612 τῆς
1038 1541 1212 1613 κεφαλῆς
1237 1533 1394 1617 ἀρυβάλλῳ

503 1648 672 1729 ἀμβροσίαν
696 1638 898 1725 nordliudi,
919 1649 1018 1709 κατὰ
1041 1638 1149 1710 τούτου
1170 1644 1202 1707 δὲ
1221 1648 1439 1725 σκοροδάλμην.

282 1765 396 1825 Paullo
426 1765 657 1839 neglegentius
686 1764 735 1823 sio
765 1764 943 1838 scriptum*
959 1763 1090 1824 videtur
1123 1778 1182 1837 pro
1216 1778 1254 1823 eo
1289 1764 1373 1836 quod
1408 1777 1461 1820 ex·

238 1883 430 1955 pectamue:

506 1987 675 2068 ἀμβροσίαν
706 1996 771 2066 τῆς
801 1996 887 2065 σῆς,
917 1996 983 2064 τῆς
1014 1990 1121 2048 τούτου
1145 1984 1179 2047 δὲ
1201 1987 1419 2066 σκοροδάλμην.
1515 2015 1518 2020 ·

240 2106 398 2166 Attamen
422 2119 504 2164 sana
528 2104 659 2164 videtur
681 2104 805 2165 tradita
826 2104 934 2165 lectio.
1007 2144 1010 2148 -

240 2332 297 2391 Vs.
325 2332 419 2391 1122.
505 2324 568 2401 ’ταῖς
598 2330 712 2407 κόμαις.
738 2328 858 2391 Contra
882 2332 1146 2405 expectationem
1169 2348 1228 2407 pro
1251 2341 1290 2413 τῷ
1314 2328 1465 2413 ἐγκεφάλῳ

241 2445 313 2504 sive
344 2449 407 2514 ταῖς
442 2444 555 2521 φρεσίν.
591 2442 637 2504 Oi.
679 2459 727 2504 VS.
764 2445 829 2505 580
864 2442 904 2521 μὴ
939 2438 1081 2518 φθονεῖθ’
1114 2440 1186 2521 ἡμῖν
1216 2453 1361 2520 κομῶσι
1391 2436 1463 2521 μηδ’

243 2555 552 2636 ἀπεστλεγγισμένοις,
583 2558 638 2619 ubi
668 2558 806 2619 calidius
835 2558 1016 2633 probabam
1046 2559 1166 2620 linem.
1201 2559 1256 2643 ll.
1283 2559 1469 2620 Leeuwenii

244 2669 797 2759 coniecturamdveoriryyroplvoag‚
820 2688 919 2746 quam
943 2675 978 2732 et
1000 2672 1070 2748 ipae
1094 2674 1210 2734 deinde
1233 2673 1435 2733 retractavit.

245 2873 299 2934 VS.
327 2876 423 2936 1126.
510 2874 690 2952 βρύλλων
713 2872 748 2933 τά
770 2868 840 2933 καθ’
866 2869 989 2951 ἡμέραν.

288 2974 481 3062 Symmachi
511 2988 713 3048 sententiam
745 2988 883 3063 βρύλλειν
914 2987 1089 3047 cohaerere
1125 3002 1200 3047 cum
1229 2988 1466 3048 infantulorum

247 3115 324 3160 voce
359 3102 436 3177 βρῦν
456 3123 498 3149 --
518 3100 617 3159 πίνειν
652 3101 744 3171 (llub.
783 3102 878 3171 1385)
914 3100 1126 3161 doctissimus
1161 3100 1266 3160 editor
1298 3101 1469 3160 Leidensis

246 3216 419 3290 impugnat
440 3215 503 3276 hoo
529 3218 741 3291 argumento,
764 3217 849 3290 quod
873 3214 999 3276 vocalis
1021 3229 1041 3273 o
1065 3231 1129 3275 non
1153 3215 1199 3275 sit
1221 3215 1317 3290 stirpi
1340 3214 1470 3290 propria

245 3329 302 3388 sud
333 3329 448 3388 exitui.
477 3327 572 3388 Unde
601 3344 679 3390 vero
710 3341 831 3403 quaeso
856 3332 991 3403 apparet
1014 3344 1080 3387 non
1102 3328 1219 3404 fuisse,
1243 3329 1272 3389 ai
1295 3328 1469 3402 quideme

246 3441 414 3516 primitivo
456 3441 691 3520 βρο-ύλλειν
727 3443 917 3502 necessaria
953 3443 1178 3502 contractione
1223 3442 1316 3501 nasei
1357 3441 1471 3501 debuit

247 3545 441 3632 βρύλλειν.
483 3556 549 3615 Νοο
589 3571 665 3616 vero
702 3551 890 3616 necessario
925 3560 991 3630 est,
1029 3557 1067 3614 ut
1101 3547 1296 3615 Leeuwenio
1331 3555 1469 3629 videtur,

249 3668 386 3727 verbum
415 3669 677 3742 deminutivum;
709 3684 787 3728 nam
818 3669 846 3728 si
876 3683 941 3726 non
970 3669 1035 3742 est,
1061 3668 1244 3742 comparari
1268 3669 1376 3741 potest
1398 3670 1470 3744 μύλ-

248 3784 316 3838 λειν.
344 3814 383 3822 -
407 3781 464 3840 Sin
488 3783 540 3840 oui
559 3784 751 3857 suspectum
772 3784 825 3841 est
843 3781 980 3841 verbum
999 3795 1165 3853 nusquam
1185 3779 1265 3840 alibi
1282 3796 1469 3856 occurrens,

248 3895 355 3954 facilis
386 3895 418 3954 in
449 3898 605 3970 promptu
636 3898 688 3954 est
718 3895 907 3955 coniectura
936 3893 1105 3970 βρύιων,
1131 3893 1204 3954 ooli.
1231 3894 1293 3954 Au.
1319 3895 1371 3969 26,
1396 3895 1470 3953 Pac.

253 4011 347 4085 1270,
380 4010 455 4078 Lys.
481 4011 556 4085 300,
580 4011 703 4085 Diphili
721 3995 843 4084 fragm.
868 4024 919 4083 ap.
942 4009 1063 4069 Athen.
1087 4008 1132 4067 VI
1156 4010 1231 4084 292,
1256 4024 1304 4068 vs.
1330 4010 1382 4069 28.
1406 4009 1472 4068 Nec

250 4139 328 4183 sane
351 4123 524 4183 bibendi
546 4125 619 4184 sive
642 4123 841 4184 sorbendi
865 4123 955 4182 notio
980 4122 1034 4182 hic
1057 4137 1160 4195 aeque
1183 4125 1260 4196 apta
1284 4122 1413 4183 videtur
1434 4137 1473 4180 ao

252 4237 462 4296 vescendi

252 4426 307 4486 Vs.
334 4427 430 4487 1163.
516 4425 545 4486 εἴ
580 4450 608 4485 ιι
648 4432 717 4502 (pro
757 4422 777 4504 ἢ
815 4420 880 4504 ’γδο)
922 4427 1085 4505 θρύψομαι
1126 4392 1311 4501 probabile
1344 4415 1474 4486 videtur

253 4539 429 4601 Hartmani
452 4541 620 4601 eorrectio.
1015 4547 1018 4557 “

253 4741 309 4802 Vs.
337 4742 432 4802 1189.
518 4737 537 4817 ἡ
564 4739 803 4820 Τριτογένης
826 4740 896 4822 γάρ
920 4740 1013 4801 αὑτὸν
1037 4740 1263 4817 ἐνετριτώνισεν.

297 4855 411 4916 Oobeti
450 4855 656 4915 coniecturae
700 4850 871 4932 Τριτογενεῖ
907 4850 950 4933 ἄρ’
989 4864 1077 4916 recte
1111 4857 1294 4916 rLeeuwen
1327 4857 1476 4916 obmovit

255 4969 388 5029 voculae
404 4964 462 5044 tipo
481 4969 533 5028 hio
552 4968 661 5028 locum
674 4983 739 5028 uon
752 4984 836 5029 esse.
851 4969 912 5028 Sed
935 4970 1012 5043 quia
1023 4974 1137 5029 tamen
1148 4970 1335 5030 necessaria
1345 4970 1476 5029 videtur

254 5081 361 5141 forma
382 5081 556 5157 feminina,
582 5081 692 5142 neseio
715 5097 757 5140 an
781 5082 923 5156 genuina
946 5057 1086 5158 leotio'q
1113 5080 1370 5161 Τριπογένειά
1392 5076 1429 5160 γ’.
1465 5064 1467 5069 ’
