<?xml version="1.0" encoding="UTF-8"?>
<!DOCTYPE html PUBLIC "-//W3C//DTD XHTML 1.0 Transitional//EN"
    "http://www.w3.org/TR/xhtml1/DTD/xhtml1-transitional.dtd">
<html xmlns="http://www.w3.org/1999/xhtml" xml:lang="en" lang="en">
 <head>
  <title>
</title>
<meta http-equiv="Content-Type" content="text/html;charset=utf-8" />
  <meta name='ocr-system' content='tesseract 3.04.00' />
  <meta name='ocr-capabilities' content='ocr_page ocr_carea ocr_par ocr_line ocrx_word'/>
</head>
<body>
  <div class='ocr_page' id='page_1' title='image "./vindiciaearisto00herwgoog_0017.png"; bbox 0 0 3867 6450; ppageno 0'>
   <div class='ocr_carea' id='block_1_1' title="bbox 862 1053 881 1110">
    <p class='ocr_par' dir='ltr' id='par_1_1' title="bbox 862 1053 881 1110">
     <span class='ocr_line' id='line_1_1' title="bbox 862 1053 881 1110; baseline 0 0"><span class='ocrx_word' id='word_1_1' title='bbox 862 1053 881 1110; x_wconf 82' lang='lat'>9</span> 
     </span>
    </p>
   </div>
   <div class='ocr_carea' id='block_1_2' title="bbox 256 1238 1484 1426">
    <p class='ocr_par' dir='ltr' id='par_1_2' title="bbox 256 1238 1484 1426">
     <span class='ocr_line' id='line_1_2' title="bbox 258 1238 1483 1313; baseline 0 -16"><span class='ocrx_word' id='word_1_2' title='bbox 258 1238 397 1313; x_wconf 80' lang='lat' dir='ltr'>liorem,</span> <span class='ocrx_word' id='word_1_3' title='bbox 429 1239 470 1298; x_wconf 90' lang='lat' dir='ltr'>ad</span> <span class='ocrx_word' id='word_1_4' title='bbox 499 1254 598 1312; x_wconf 87' lang='lat' dir='ltr'>quem</span> <span class='ocrx_word' id='word_1_5' title='bbox 629 1238 661 1299; x_wconf 93' lang='lat' dir='ltr'>h.</span> <span class='ocrx_word' id='word_1_6' title='bbox 685 1238 706 1299; x_wconf 90' lang='lat'>1.</span> <span class='ocrx_word' id='word_1_7' title='bbox 734 1238 901 1313; x_wconf 80' lang='lat' dir='ltr'><strong>alluditur,</strong></span> <span class='ocrx_word' id='word_1_8' title='bbox 926 1240 1004 1299; x_wconf 88' lang='lat' dir='ltr'>ante</span> <span class='ocrx_word' id='word_1_9' title='bbox 1027 1238 1200 1299; x_wconf 91' lang='lat' dir='ltr'>dimidium</span> <span class='ocrx_word' id='word_1_10' title='bbox 1223 1239 1291 1299; x_wconf 87' lang='lat' dir='ltr'>fers</span> <span class='ocrx_word' id='word_1_11' title='bbox 1313 1238 1483 1298; x_wconf 86' lang='lat' dir='ltr'>saeculum</span> 
     </span>
     <span class='ocr_line' id='line_1_3' title="bbox 256 1346 1484 1426; baseline -0.001 -16"><span class='ocrx_word' id='word_1_12' title='bbox 256 1351 292 1411; x_wconf 94' lang='lat' dir='ltr'>in</span> <span class='ocrx_word' id='word_1_13' title='bbox 312 1346 473 1425; x_wconf 79' lang='lat' dir='ltr'>Hispania</span> <span class='ocrx_word' id='word_1_14' title='bbox 490 1351 696 1412; x_wconf 85' lang='lat' dir='ltr'>meridionali</span> <span class='ocrx_word' id='word_1_15' title='bbox 715 1352 822 1412; x_wconf 89' lang='lat' dir='ltr'>adhuc</span> <span class='ocrx_word' id='word_1_16' title='bbox 839 1351 986 1426; x_wconf 84' lang='lat' dir='ltr'>viguisse</span> <span class='ocrx_word' id='word_1_17' title='bbox 1006 1368 1082 1413; x_wconf 89' lang='lat' dir='ltr'>curn</span> <span class='ocrx_word' id='word_1_18' title='bbox 1103 1367 1178 1413; x_wconf 90' lang='lat' dir='ltr'>meo</span> <span class='ocrx_word' id='word_1_19' title='bbox 1194 1353 1315 1413; x_wconf 91' lang='lat' dir='ltr'>damno</span> <span class='ocrx_word' id='word_1_20' title='bbox 1328 1354 1484 1426; x_wconf 85' lang='lat' dir='ltr'>expertus</span> 
     </span>
    </p>
   </div>
   <div class='ocr_carea' id='block_1_3' title="bbox 257 1463 1585 1540">
    <p class='ocr_par' dir='ltr' id='par_1_3' title="bbox 257 1463 1585 1540">
     <span class='ocr_line' id='line_1_4' title="bbox 257 1463 1585 1540; baseline -0.002 -17"><span class='ocrx_word' id='word_1_21' title='bbox 257 1464 347 1524; x_wconf 87' lang='lat' dir='ltr'>novi.</span> <span class='ocrx_word' id='word_1_22' title='bbox 378 1464 492 1525; x_wconf 85' lang='lat' dir='ltr'>Peiora</span> <span class='ocrx_word' id='word_1_23' title='bbox 518 1464 621 1525; x_wconf 89' lang='lat' dir='ltr'>etiam</span> <span class='ocrx_word' id='word_1_24' title='bbox 645 1464 805 1525; x_wconf 88' lang='lat' dir='ltr'>accidisse</span> <span class='ocrx_word' id='word_1_25' title='bbox 829 1465 1012 1539; x_wconf 88' lang='lat' dir='ltr'>antiquitus</span> <span class='ocrx_word' id='word_1_26' title='bbox 1035 1466 1154 1526; x_wconf 78' lang='lat' dir='ltr'>docent</span> <span class='ocrx_word' id='word_1_27' title='bbox 1176 1464 1332 1540; x_wconf 79' lang='lat' dir='ltr'>Aeschyli</span> <span class='ocrx_word' id='word_1_28' title='bbox 1354 1463 1485 1525; x_wconf 80' lang='lat' dir='ltr'>tabulae</span> <span class='ocrx_word' id='word_1_29' title='bbox 1582 1515 1585 1521; x_wconf 88' lang='lat'>.</span> 
     </span>
    </p>
   </div>
   <div class='ocr_carea' id='block_1_4' title="bbox 255 1576 1510 1995">
    <p class='ocr_par' dir='ltr' id='par_1_4' title="bbox 255 1576 1510 1995">
     <span class='ocr_line' id='line_1_5' title="bbox 255 1576 1483 1653; baseline -0.002 -17"><span class='ocrx_word' id='word_1_30' title='bbox 255 1576 423 1651; x_wconf 79' lang='lat' dir='ltr'>satyricae</span> <span class='ocrx_word' id='word_1_31' title='bbox 452 1578 570 1653; x_wconf 80' lang='lat' dir='ltr'>fragm.</span> <span class='ocrx_word' id='word_1_32' title='bbox 603 1578 676 1653; x_wconf 91' lang='grc'><strong>180,</strong></span> <span class='ocrx_word' id='word_1_33' title='bbox 708 1578 795 1638; x_wconf 89' lang='lat' dir='ltr'>unde</span> <span class='ocrx_word' id='word_1_34' title='bbox 825 1578 926 1638; x_wconf 88' lang='lat' dir='ltr'>citare</span> <span class='ocrx_word' id='word_1_35' title='bbox 956 1578 1097 1638; x_wconf 85' lang='lat' dir='ltr'>sufficiat</span> <span class='ocrx_word' id='word_1_36' title='bbox 1120 1577 1221 1638; x_wconf 83' lang='lat' dir='ltr'>verba</span> <span class='ocrx_word' id='word_1_37' title='bbox 1249 1576 1303 1653; x_wconf 78' lang='grc' dir='ltr'>τὴν</span> <span class='ocrx_word' id='word_1_38' title='bbox 1330 1576 1483 1652; x_wconf 79' lang='grc' dir='ltr'><em>κάκοσμον</em></span> 
     </span>
     <span class='ocr_line' id='line_1_6' title="bbox 257 1686 1484 1769; baseline 0 -20"><span class='ocrx_word' id='word_1_39' title='bbox 257 1688 394 1768; x_wconf 82' lang='grc' dir='ltr'>οὐράνην</span> <span class='ocrx_word' id='word_1_40' title='bbox 417 1688 537 1769; x_wconf 72' lang='grc' dir='ltr'><strong><em>ἔρριψεν</em></strong></span> <span class='ocrx_word' id='word_1_41' title='bbox 561 1686 627 1751; x_wconf 80' lang='grc' dir='ltr'>οὐδ’</span> <span class='ocrx_word' id='word_1_42' title='bbox 654 1689 788 1769; x_wconf 76' lang='grc' dir='ltr'><strong><em>ἥμαρτον</em></strong></span> <span class='ocrx_word' id='word_1_43' title='bbox 808 1693 842 1751; x_wconf 82' lang='lat' dir='ltr'>et</span> <span class='ocrx_word' id='word_1_44' title='bbox 865 1690 976 1751; x_wconf 86' lang='lat' dir='ltr'>simile</span> <span class='ocrx_word' id='word_1_45' title='bbox 998 1690 1173 1765; x_wconf 81' lang='lat' dir='ltr'>Sophoclis</span> <span class='ocrx_word' id='word_1_46' title='bbox 1195 1691 1234 1751; x_wconf 87' lang='lat' dir='ltr'>fr.</span> <span class='ocrx_word' id='word_1_47' title='bbox 1264 1692 1335 1750; x_wconf 87' lang='lat'>140.</span> <span class='ocrx_word' id='word_1_48' title='bbox 1361 1688 1484 1765; x_wconf 76' lang='lat' dir='ltr'>Quibus</span> 
     </span>
     <span class='ocr_line' id='line_1_7' title="bbox 256 1803 1482 1879; baseline 0 -16"><span class='ocrx_word' id='word_1_49' title='bbox 256 1804 460 1865; x_wconf 83' lang='lat' dir='ltr'>testimoniis</span> <span class='ocrx_word' id='word_1_50' title='bbox 479 1804 666 1878; x_wconf 86' lang='lat' dir='ltr'>nuperrime</span> <span class='ocrx_word' id='word_1_51' title='bbox 686 1805 829 1865; x_wconf 85' lang='lat' dir='ltr'>accessit</span> <span class='ocrx_word' id='word_1_52' title='bbox 847 1806 962 1879; x_wconf 85' lang='lat' dir='ltr'>papyri</span> <span class='ocrx_word' id='word_1_53' title='bbox 979 1804 1202 1879; x_wconf 85' lang='lat' dir='ltr'>Magdolensis</span> <span class='ocrx_word' id='word_1_54' title='bbox 1218 1819 1303 1865; x_wconf 90' lang='lat' dir='ltr'>saec.</span> <span class='ocrx_word' id='word_1_55' title='bbox 1322 1819 1350 1865; x_wconf 88' lang='lat' dir='ltr'>a.</span> <span class='ocrx_word' id='word_1_56' title='bbox 1371 1803 1405 1865; x_wconf 84' lang='lat' dir='ltr'>O.</span> <span class='ocrx_word' id='word_1_57' title='bbox 1419 1803 1482 1879; x_wconf 85' lang='grc' dir='ltr'><strong>ΙΙΙ,</strong></span> 
     </span>
     <span class='ocr_line' id='line_1_8' title="bbox 258 1918 1510 1995; baseline -0.001 -16"><span class='ocrx_word' id='word_1_58' title='bbox 258 1919 339 1979; x_wconf 85' lang='lat' dir='ltr'>editi</span> <span class='ocrx_word' id='word_1_59' title='bbox 363 1920 395 1980; x_wconf 90' lang='lat' dir='ltr'>in</span> <span class='ocrx_word' id='word_1_60' title='bbox 418 1918 502 1980; x_wconf 83' lang='lat' dir='ltr'>BOH</span> <span class='ocrx_word' id='word_1_61' title='bbox 525 1918 650 1979; x_wconf 90' lang='lat' dir='ltr'>XXVII</span> <span class='ocrx_word' id='word_1_62' title='bbox 669 1934 699 1994; x_wconf 92' lang='lat' dir='ltr'>p.</span> <span class='ocrx_word' id='word_1_63' title='bbox 721 1921 793 1995; x_wconf 96' lang='grc'><strong>177,</strong></span> <span class='ocrx_word' id='word_1_64' title='bbox 815 1919 869 1979; x_wconf 91' lang='lat' dir='ltr'>ubi</span> <span class='ocrx_word' id='word_1_65' title='bbox 889 1919 1083 1980; x_wconf 87' lang='lat' dir='ltr'>Heraclides</span> <span class='ocrx_word' id='word_1_66' title='bbox 1103 1920 1234 1993; x_wconf 86' lang='lat' dir='ltr'>quidam</span> <span class='ocrx_word' id='word_1_67' title='bbox 1253 1918 1483 1979; x_wconf 88' lang='lat' dir='ltr'>mulierculam</span> <span class='ocrx_word' id='word_1_68' title='bbox 1508 1961 1510 1964; x_wconf 87' lang='lat'>-</span> 
     </span>
    </p>
   </div>
   <div class='ocr_carea' id='block_1_5' title="bbox 257 2032 1616 2109">
    <p class='ocr_par' dir='ltr' id='par_1_5' title="bbox 257 2032 1616 2109">
     <span class='ocr_line' id='line_1_9' title="bbox 257 2032 1616 2109; baseline 0.001 -17"><span class='ocrx_word' id='word_1_69' title='bbox 257 2035 418 2101; x_wconf 76' lang='lat' dir='ltr'>(scortum</span> <span class='ocrx_word' id='word_1_70' title='bbox 441 2036 533 2109; x_wconf 84' lang='lat' dir='ltr'>puta)</span> <span class='ocrx_word' id='word_1_71' title='bbox 557 2034 704 2109; x_wconf 87' lang='lat' dir='ltr'>accusat,</span> <span class='ocrx_word' id='word_1_72' title='bbox 727 2034 811 2107; x_wconf 84' lang='lat' dir='ltr'>quod</span> <span class='ocrx_word' id='word_1_73' title='bbox 835 2048 909 2093; x_wconf 93' lang='lat' dir='ltr'>cum</span> <span class='ocrx_word' id='word_1_74' title='bbox 934 2032 1008 2093; x_wconf 90' lang='lat' dir='ltr'>aliis</span> <span class='ocrx_word' id='word_1_75' title='bbox 1031 2033 1162 2093; x_wconf 88' lang='lat' dir='ltr'>iniuriis</span> <span class='ocrx_word' id='word_1_76' title='bbox 1186 2033 1295 2108; x_wconf 89' lang='lat' dir='ltr'>ipsum</span> <span class='ocrx_word' id='word_1_77' title='bbox 1321 2032 1482 2108; x_wconf 82' lang='lat' dir='ltr'>affecerit,</span> <span class='ocrx_word' id='word_1_78' title='bbox 1613 2098 1616 2103; x_wconf 68' lang='grc'><strong>,</strong></span> 
     </span>
    </p>
   </div>
   <div class='ocr_carea' id='block_1_6' title="bbox 257 2143 1191 2231">
    <p class='ocr_par' dir='ltr' id='par_1_6' title="bbox 257 2143 1191 2231">
     <span class='ocr_line' id='line_1_10' title="bbox 257 2143 1191 2231; baseline 0.001 -25"><span class='ocrx_word' id='word_1_79' title='bbox 257 2148 331 2206; x_wconf 89' lang='lat' dir='ltr'>tum</span> <span class='ocrx_word' id='word_1_80' title='bbox 356 2143 385 2219; x_wconf 78' lang='grc' dir='ltr'>ἐξ</span> <span class='ocrx_word' id='word_1_81' title='bbox 408 2143 547 2231; x_wconf 76' lang='grc' dir='ltr'><strong><em>ὑπερῴου</em></strong></span> <span class='ocrx_word' id='word_1_82' title='bbox 571 2147 702 2208; x_wconf 90' lang='lat' dir='ltr'>urinam</span> <span class='ocrx_word' id='word_1_83' title='bbox 727 2147 760 2207; x_wconf 93' lang='lat' dir='ltr'>in</span> <span class='ocrx_word' id='word_1_84' title='bbox 785 2149 883 2221; x_wconf 92' lang='lat' dir='ltr'>caput</span> <span class='ocrx_word' id='word_1_85' title='bbox 905 2162 1005 2207; x_wconf 91' lang='lat' dir='ltr'>suum</span> <span class='ocrx_word' id='word_1_86' title='bbox 1028 2146 1191 2207; x_wconf 87' lang='lat' dir='ltr'>effuderit.</span> 
     </span>
    </p>
   </div>
   <div class='ocr_carea' id='block_1_7' title="bbox 257 2348 1483 2769">
    <p class='ocr_par' dir='ltr' id='par_1_7' title="bbox 257 2348 1483 2769">
     <span class='ocr_line' id='line_1_11' title="bbox 258 2348 1482 2427; baseline 0.001 -19"><span class='ocrx_word' id='word_1_87' title='bbox 258 2350 314 2411; x_wconf 91' lang='lat' dir='ltr'>Vs.</span> <span class='ocrx_word' id='word_1_88' title='bbox 338 2351 413 2411; x_wconf 83' lang='grc'><strong>639.</strong></span> <span class='ocrx_word' id='word_1_89' title='bbox 480 2350 527 2410; x_wconf 90' lang='lat' dir='ltr'>Dc</span> <span class='ocrx_word' id='word_1_90' title='bbox 547 2348 737 2410; x_wconf 87' lang='lat' dir='ltr'>discrimine</span> <span class='ocrx_word' id='word_1_91' title='bbox 757 2349 843 2409; x_wconf 85' lang='lat' dir='ltr'>inter</span> <span class='ocrx_word' id='word_1_92' title='bbox 860 2348 938 2407; x_wconf 82' lang='grc' dir='ltr'><strong><em>πιών</em></strong></span> <span class='ocrx_word' id='word_1_93' title='bbox 959 2352 994 2410; x_wconf 89' lang='lat' dir='ltr'>ot</span> <span class='ocrx_word' id='word_1_94' title='bbox 1009 2348 1134 2427; x_wconf 76' lang='grc' dir='ltr'><strong><em>λιπαρός</em></strong></span> <span class='ocrx_word' id='word_1_95' title='bbox 1151 2350 1246 2423; x_wconf 87' lang='lat' dir='ltr'>(quod</span> <span class='ocrx_word' id='word_1_96' title='bbox 1268 2350 1341 2424; x_wconf 86' lang='lat' dir='ltr'>quis</span> <span class='ocrx_word' id='word_1_97' title='bbox 1361 2364 1482 2424; x_wconf 83' lang='lat' dir='ltr'>quasso</span> 
     </span>
     <span class='ocr_line' id='line_1_12' title="bbox 257 2460 1483 2541; baseline -0.002 -16"><span class='ocrx_word' id='word_1_98' title='bbox 257 2466 368 2540; x_wconf 93' lang='lat' dir='ltr'>paullo</span> <span class='ocrx_word' id='word_1_99' title='bbox 399 2466 523 2525; x_wconf 86' lang='lat' dir='ltr'>doctior</span> <span class='ocrx_word' id='word_1_100' title='bbox 557 2460 660 2527; x_wconf 88' lang='lat' dir='ltr'>hodic&#39;</span> <span class='ocrx_word' id='word_1_101' title='bbox 686 2466 855 2540; x_wconf 79' lang='lat' dir='ltr'>ignorati)</span> <span class='ocrx_word' id='word_1_102' title='bbox 886 2465 1053 2525; x_wconf 87' lang='lat' dir='ltr'>disserens</span> <span class='ocrx_word' id='word_1_103' title='bbox 1083 2467 1122 2525; x_wconf 83' lang='grc' dir='ltr'>Α.</span> <span class='ocrx_word' id='word_1_104' title='bbox 1152 2465 1319 2541; x_wconf 88' lang='lat' dir='ltr'>Willems,</span> <span class='ocrx_word' id='word_1_105' title='bbox 1351 2465 1483 2527; x_wconf 83' lang='lat' dir='ltr'>Notas</span> 
     </span>
     <span class='ocr_line' id='line_1_13' title="bbox 258 2579 1483 2654; baseline -0.001 -15"><span class='ocrx_word' id='word_1_106' title='bbox 258 2594 330 2639; x_wconf 87' lang='lat' dir='ltr'>sur</span> <span class='ocrx_word' id='word_1_107' title='bbox 364 2579 425 2639; x_wconf 88' lang='lat' dir='ltr'>les</span> <span class='ocrx_word' id='word_1_108' title='bbox 460 2579 728 2640; x_wconf 86' lang='lat' dir='ltr'>Acharnicns</span> <span class='ocrx_word' id='word_1_109' title='bbox 763 2595 793 2654; x_wconf 91' lang='lat' dir='ltr'>p.</span> <span class='ocrx_word' id='word_1_110' title='bbox 832 2580 871 2639; x_wconf 81' lang='lat'>15</span> <span class='ocrx_word' id='word_1_111' title='bbox 902 2594 951 2653; x_wconf 89' lang='lat' dir='ltr'>sq.</span> <span class='ocrx_word' id='word_1_112' title='bbox 986 2579 1093 2640; x_wconf 88' lang='lat' dir='ltr'>multo</span> <span class='ocrx_word' id='word_1_113' title='bbox 1130 2580 1244 2640; x_wconf 90' lang='lat' dir='ltr'>utilius</span> <span class='ocrx_word' id='word_1_114' title='bbox 1279 2579 1409 2639; x_wconf 89' lang='lat' dir='ltr'>monuit</span> <span class='ocrx_word' id='word_1_115' title='bbox 1443 2579 1483 2639; x_wconf 92' lang='lat' dir='ltr'>de</span> 
     </span>
     <span class='ocr_line' id='line_1_14' title="bbox 257 2688 671 2769; baseline 0.002 -17"><span class='ocrx_word' id='word_1_116' title='bbox 257 2691 388 2767; x_wconf 88' lang='lat' dir='ltr'>duplice</span> <span class='ocrx_word' id='word_1_117' title='bbox 410 2688 520 2769; x_wconf 82' lang='grc' dir='ltr'><strong><em>ἀφυῶν</em></strong></span> <span class='ocrx_word' id='word_1_118' title='bbox 542 2707 671 2768; x_wconf 80' lang='lat' dir='ltr'>genere.</span> 
     </span>
    </p>
   </div>
   <div class='ocr_carea' id='block_1_8' title="bbox 258 2892 1459 2971">
    <p class='ocr_par' dir='ltr' id='par_1_8' title="bbox 258 2892 1459 2971">
     <span class='ocr_line' id='line_1_15' title="bbox 258 2892 1459 2971; baseline 0.002 -18"><span class='ocrx_word' id='word_1_119' title='bbox 258 2895 313 2955; x_wconf 89' lang='lat' dir='ltr'>Vs.</span> <span class='ocrx_word' id='word_1_120' title='bbox 339 2896 415 2956; x_wconf 84' lang='grc'><strong>643.</strong></span> <span class='ocrx_word' id='word_1_121' title='bbox 525 2892 595 2955; x_wconf 79' lang='grc' dir='ltr'>οὐκ</span> <span class='ocrx_word' id='word_1_122' title='bbox 618 2911 676 2971; x_wconf 91' lang='lat' dir='ltr'>pro</span> <span class='ocrx_word' id='word_1_123' title='bbox 700 2892 739 2955; x_wconf 81' lang='grc' dir='ltr'>ἐν</span> <span class='ocrx_word' id='word_1_124' title='bbox 762 2904 821 2955; x_wconf 83' lang='grc' dir='ltr'>τῶν</span> <span class='ocrx_word' id='word_1_125' title='bbox 843 2894 960 2955; x_wconf 80' lang='grc' dir='ltr'><strong><em>πόλεων</em></strong></span> <span class='ocrx_word' id='word_1_126' title='bbox 984 2896 1109 2958; x_wconf 90' lang='lat' dir='ltr'>conieci</span> <span class='ocrx_word' id='word_1_127' title='bbox 1132 2896 1223 2957; x_wconf 82' lang='lat' dir='ltr'>Stud.</span> <span class='ocrx_word' id='word_1_128' title='bbox 1248 2895 1326 2957; x_wconf 84' lang='lat' dir='ltr'>orit.</span> <span class='ocrx_word' id='word_1_129' title='bbox 1350 2912 1381 2971; x_wconf 95' lang='lat' dir='ltr'>p.</span> <span class='ocrx_word' id='word_1_130' title='bbox 1406 2896 1459 2956; x_wconf 88' lang='lat'>48.</span> 
     </span>
    </p>
   </div>
   <div class='ocr_carea' id='block_1_9' title="bbox 253 3096 1484 3861">
    <p class='ocr_par' dir='ltr' id='par_1_9' title="bbox 253 3096 1484 3861">
     <span class='ocr_line' id='line_1_16' title="bbox 259 3096 1483 3176; baseline 0 -20"><span class='ocrx_word' id='word_1_131' title='bbox 259 3098 314 3158; x_wconf 92' lang='lat' dir='ltr'>Vs.</span> <span class='ocrx_word' id='word_1_132' title='bbox 340 3100 415 3159; x_wconf 85' lang='grc'><strong>663.</strong></span> <span class='ocrx_word' id='word_1_133' title='bbox 486 3096 616 3173; x_wconf 86' lang='lat' dir='ltr'>Optime</span> <span class='ocrx_word' id='word_1_134' title='bbox 642 3098 797 3160; x_wconf 84' lang='lat' dir='ltr'>Willems</span> <span class='ocrx_word' id='word_1_135' title='bbox 831 3099 851 3161; x_wconf 93' lang='lat' dir='ltr'>l.</span> <span class='ocrx_word' id='word_1_136' title='bbox 876 3100 897 3160; x_wconf 95' lang='lat' dir='ltr'>l.</span> <span class='ocrx_word' id='word_1_137' title='bbox 925 3110 958 3176; x_wconf 87' lang='lat' dir='ltr'>p.</span> <span class='ocrx_word' id='word_1_138' title='bbox 992 3102 1034 3161; x_wconf 90' lang='grc'>20</span> <span class='ocrx_word' id='word_1_139' title='bbox 1058 3116 1127 3175; x_wconf 86' lang='lat' dir='ltr'>sqq.</span> <span class='ocrx_word' id='word_1_140' title='bbox 1160 3100 1305 3161; x_wconf 84' lang='lat' dir='ltr'>defendit</span> <span class='ocrx_word' id='word_1_141' title='bbox 1334 3098 1483 3176; x_wconf 77' lang='grc' dir='ltr'><em>μάττωσιν</em></span> 
     </span>
     <span class='ocr_line' id='line_1_17' title="bbox 258 3195 1482 3291; baseline 0.002 -19"><span class='ocrx_word' id='word_1_142' title='bbox 258 3227 278 3272; x_wconf 91' lang='lat' dir='ltr'>a</span> <span class='ocrx_word' id='word_1_143' title='bbox 302 3211 490 3274; x_wconf 81' lang='lat' dir='ltr'>criticorum</span> <span class='ocrx_word' id='word_1_144' title='bbox 514 3212 723 3275; x_wconf 83' lang='lat' dir='ltr'>coniecturis</span> <span class='ocrx_word' id='word_1_145' title='bbox 745 3213 826 3289; x_wconf 81' lang='lat' dir='ltr'>Quia</span> <span class='ocrx_word' id='word_1_146' title='bbox 847 3195 995 3276; x_wconf 53' lang='lat' dir='ltr'>verc&#39;ita</span> <span class='ocrx_word' id='word_1_147' title='bbox 1019 3213 1129 3291; x_wconf 84' lang='lat' dir='ltr'>agitur</span> <span class='ocrx_word' id='word_1_148' title='bbox 1151 3230 1217 3276; x_wconf 94' lang='lat' dir='ltr'>non</span> <span class='ocrx_word' id='word_1_149' title='bbox 1241 3215 1280 3275; x_wconf 92' lang='lat' dir='ltr'>de</span> <span class='ocrx_word' id='word_1_150' title='bbox 1302 3214 1482 3290; x_wconf 82' lang='lat' dir='ltr'>coenando,</span> 
     </span>
     <span class='ocr_line' id='line_1_18' title="bbox 255 3326 1484 3405; baseline 0 -20"><span class='ocrx_word' id='word_1_151' title='bbox 255 3326 314 3386; x_wconf 91' lang='lat' dir='ltr'>sed</span> <span class='ocrx_word' id='word_1_152' title='bbox 349 3327 388 3386; x_wconf 92' lang='lat' dir='ltr'>de</span> <span class='ocrx_word' id='word_1_153' title='bbox 422 3327 648 3402; x_wconf 88' lang='lat' dir='ltr'>praeparanda</span> <span class='ocrx_word' id='word_1_154' title='bbox 682 3342 796 3404; x_wconf 87' lang='lat' dir='ltr'>coena,</span> <span class='ocrx_word' id='word_1_155' title='bbox 833 3329 1022 3390; x_wconf 90' lang='lat' dir='ltr'>necessaria</span> <span class='ocrx_word' id='word_1_156' title='bbox 1053 3330 1182 3391; x_wconf 88' lang='lat' dir='ltr'>videtur</span> <span class='ocrx_word' id='word_1_157' title='bbox 1214 3343 1290 3390; x_wconf 89' lang='lat' dir='ltr'>mea</span> <span class='ocrx_word' id='word_1_158' title='bbox 1325 3329 1484 3405; x_wconf 77' lang='grc' dir='ltr'><strong><em>(μάττωσιν</em></strong></span> 
     </span>
     <span class='ocr_line' id='line_1_19' title="bbox 253 3433 1482 3520; baseline 0.001 -22"><span class='ocrx_word' id='word_1_159' title='bbox 253 3439 390 3510; x_wconf 87' lang='lat' dir='ltr'>tuentis)</span> <span class='ocrx_word' id='word_1_160' title='bbox 421 3442 519 3504; x_wconf 87' lang='lat' dir='ltr'>vetus</span> <span class='ocrx_word' id='word_1_161' title='bbox 550 3439 739 3501; x_wconf 86' lang='lat' dir='ltr'>conlectura</span> <span class='ocrx_word' id='word_1_162' title='bbox 771 3456 819 3502; x_wconf 88' lang='lat' dir='ltr'>vs.</span> <span class='ocrx_word' id='word_1_163' title='bbox 852 3444 914 3504; x_wconf 86' lang='grc'>671</span> <span class='ocrx_word' id='word_1_164' title='bbox 947 3437 1022 3520; x_wconf 76' lang='grc' dir='ltr'><strong><em>ἡνίκ’</em></strong></span> <span class='ocrx_word' id='word_1_165' title='bbox 1057 3439 1096 3501; x_wconf 76' lang='grc' dir='ltr'>ἂν</span> <span class='ocrx_word' id='word_1_166' title='bbox 1132 3440 1352 3520; x_wconf 69' lang='grc' dir='ltr'><strong><em>ἐπανθρακίδες</em></strong></span> <span class='ocrx_word' id='word_1_167' title='bbox 1388 3433 1482 3500; x_wconf 81' lang='grc' dir='ltr'><strong><em>ὦσιν</em></strong></span> 
     </span>
     <span class='ocr_line' id='line_1_20' title="bbox 256 3541 1482 3637; baseline 0.006 -27"><span class='ocrx_word' id='word_1_168' title='bbox 256 3548 506 3629; x_wconf 75' lang='grc' dir='ltr'><strong><em>ἐπικείμεναι</em></strong></span> <span class='ocrx_word' id='word_1_169' title='bbox 545 3553 615 3614; x_wconf 82' lang='lat' dir='ltr'>soil.</span> <span class='ocrx_word' id='word_1_170' title='bbox 655 3563 694 3636; x_wconf 75' lang='grc' dir='ltr'>τῷ</span> <span class='ocrx_word' id='word_1_171' title='bbox 735 3555 823 3633; x_wconf 78' lang='grc' dir='ltr'>πυρὶ,</span> <span class='ocrx_word' id='word_1_172' title='bbox 861 3572 918 3631; x_wconf 90' lang='lat' dir='ltr'>pro</span> <span class='ocrx_word' id='word_1_173' title='bbox 959 3548 1013 3616; x_wconf 81' lang='grc' dir='ltr'>ὦσι</span> <span class='ocrx_word' id='word_1_174' title='bbox 1048 3541 1278 3637; x_wconf 82' lang='grc' dir='ltr'><strong><em>παρακείμεναι,</em></strong></span> <span class='ocrx_word' id='word_1_175' title='bbox 1313 3560 1349 3618; x_wconf 81' lang='lat' dir='ltr'>ut</span> <span class='ocrx_word' id='word_1_176' title='bbox 1382 3572 1482 3631; x_wconf 80' lang='lat' dir='ltr'>saepe</span> 
     </span>
     <span class='ocr_line' id='line_1_21' title="bbox 255 3662 1481 3747; baseline 0.002 -22"><span class='ocrx_word' id='word_1_177' title='bbox 255 3662 423 3726; x_wconf 75' lang='grc' dir='ltr'><strong><em>ἐπιτιθέναι</em></strong></span> <span class='ocrx_word' id='word_1_178' title='bbox 455 3682 531 3726; x_wconf 92' lang='lat' dir='ltr'>cum</span> <span class='ocrx_word' id='word_1_179' title='bbox 561 3667 679 3728; x_wconf 93' lang='lat' dir='ltr'>eadem</span> <span class='ocrx_word' id='word_1_180' title='bbox 709 3668 817 3744; x_wconf 91' lang='lat' dir='ltr'>ellipsi</span> <span class='ocrx_word' id='word_1_181' title='bbox 842 3671 927 3745; x_wconf 92' lang='lat' dir='ltr'>apud</span> <span class='ocrx_word' id='word_1_182' title='bbox 952 3671 1206 3747; x_wconf 83' lang='lat' dir='ltr'>Aristophanem</span> <span class='ocrx_word' id='word_1_183' title='bbox 1232 3672 1382 3732; x_wconf 86' lang='lat' dir='ltr'>occurrit.</span> <span class='ocrx_word' id='word_1_184' title='bbox 1409 3670 1481 3729; x_wconf 85' lang='lat' dir='ltr'>vid·</span> 
     </span>
     <span class='ocr_line' id='line_1_22' title="bbox 257 3778 1426 3861; baseline 0.003 -21"><span class='ocrx_word' id='word_1_185' title='bbox 257 3780 348 3840; x_wconf 87' lang='lat' dir='ltr'>Stud.</span> <span class='ocrx_word' id='word_1_186' title='bbox 373 3778 452 3842; x_wconf 81' lang='lat' dir='ltr'>crit.</span> <span class='ocrx_word' id='word_1_187' title='bbox 476 3797 507 3856; x_wconf 92' lang='lat' dir='ltr'>p.</span> <span class='ocrx_word' id='word_1_188' title='bbox 532 3781 575 3842; x_wconf 83' lang='lat'>48</span> <span class='ocrx_word' id='word_1_189' title='bbox 600 3797 667 3855; x_wconf 87' lang='lat' dir='ltr'>sq.;</span> <span class='ocrx_word' id='word_1_190' title='bbox 696 3781 815 3844; x_wconf 88' lang='lat' dir='ltr'>Mnem.</span> <span class='ocrx_word' id='word_1_191' title='bbox 841 3783 950 3844; x_wconf 88' lang='lat' dir='ltr'>XXIV</span> <span class='ocrx_word' id='word_1_192' title='bbox 973 3801 1003 3860; x_wconf 92' lang='lat' dir='ltr'>p.</span> <span class='ocrx_word' id='word_1_193' title='bbox 1026 3787 1090 3846; x_wconf 88' lang='grc'>312</span> <span class='ocrx_word' id='word_1_194' title='bbox 1114 3801 1180 3861; x_wconf 89' lang='lat' dir='ltr'>sq.;</span> <span class='ocrx_word' id='word_1_195' title='bbox 1204 3785 1299 3845; x_wconf 89' lang='lat' dir='ltr'>XXX</span> <span class='ocrx_word' id='word_1_196' title='bbox 1322 3801 1351 3860; x_wconf 90' lang='lat' dir='ltr'>p.</span> <span class='ocrx_word' id='word_1_197' title='bbox 1373 3785 1426 3845; x_wconf 83' lang='lat'>88.</span> 
     </span>
    </p>
   </div>
   <div class='ocr_carea' id='block_1_10' title="bbox 256 3979 1349 4070">
    <p class='ocr_par' dir='ltr' id='par_1_10' title="bbox 256 3979 1349 4070">
     <span class='ocr_line' id='line_1_23' title="bbox 256 3979 1349 4070; baseline 0.004 -29"><span class='ocrx_word' id='word_1_198' title='bbox 256 3980 312 4044; x_wconf 79' lang='lat' dir='ltr'>Vs,</span> <span class='ocrx_word' id='word_1_199' title='bbox 338 3984 413 4044; x_wconf 79' lang='lat'>685.</span> <span class='ocrx_word' id='word_1_200' title='bbox 524 3979 540 4042; x_wconf 84' lang='grc' dir='ltr'>ὁ</span> <span class='ocrx_word' id='word_1_201' title='bbox 564 3979 596 4042; x_wconf 79' lang='grc' dir='ltr'>δὲ</span> <span class='ocrx_word' id='word_1_202' title='bbox 618 3983 741 4057; x_wconf 83' lang='grc' dir='ltr'><strong><em>νεανίας</em></strong></span> <span class='ocrx_word' id='word_1_203' title='bbox 765 3982 889 4070; x_wconf 73' lang='grc' dir='ltr'><strong><em>ἑαυτῷ</em></strong></span> <span class='ocrx_word' id='word_1_204' title='bbox 913 3989 1147 4061; x_wconf 70' lang='grc' dir='ltr'><strong><em>σπουδάσας</em></strong></span> <span class='ocrx_word' id='word_1_205' title='bbox 1170 3988 1349 4067; x_wconf 79' lang='grc' dir='ltr'><strong><em>ξυνηγορεῖν</em></strong></span> 
     </span>
    </p>
   </div>
   <div class='ocr_carea' id='block_1_11' title="bbox 256 4098 1483 4861">
    <p class='ocr_par' dir='ltr' id='par_1_11' title="bbox 256 4098 1483 4861">
     <span class='ocr_line' id='line_1_24' title="bbox 522 4098 1424 4184; baseline 0.001 -25"><span class='ocrx_word' id='word_1_206' title='bbox 522 4098 563 4171; x_wconf 82' lang='grc' dir='ltr'>εἰς</span> <span class='ocrx_word' id='word_1_207' title='bbox 586 4098 674 4178; x_wconf 79' lang='grc' dir='ltr'><strong><em>τάχος</em></strong></span> <span class='ocrx_word' id='word_1_208' title='bbox 696 4099 778 4160; x_wconf 82' lang='grc' dir='ltr'><strong><em>παίει</em></strong></span> <span class='ocrx_word' id='word_1_209' title='bbox 802 4100 962 4174; x_wconf 77' lang='grc' dir='ltr'><strong><em>ξυνάπτων</em></strong></span> <span class='ocrx_word' id='word_1_210' title='bbox 987 4104 1179 4184; x_wconf 75' lang='grc' dir='ltr'><strong><em>στρογγύλοις</em></strong></span> <span class='ocrx_word' id='word_1_211' title='bbox 1201 4107 1263 4174; x_wconf 86' lang='grc' dir='ltr'><strong><em>τοῖς</em></strong></span> <span class='ocrx_word' id='word_1_212' title='bbox 1286 4101 1424 4182; x_wconf 78' lang='grc' dir='ltr'><strong><em>ῥήμασιν.</em></strong></span> 
     </span>
     <span class='ocr_line' id='line_1_25' title="bbox 302 4211 1482 4292; baseline 0.003 -20"><span class='ocrx_word' id='word_1_213' title='bbox 302 4212 414 4273; x_wconf 84' lang='grc' dir='ltr'><strong><em>Ηετιο.</em></strong></span> <span class='ocrx_word' id='word_1_214' title='bbox 429 4211 538 4273; x_wconf 87' lang='lat' dir='ltr'>XXIV</span> <span class='ocrx_word' id='word_1_215' title='bbox 549 4229 579 4288; x_wconf 91' lang='lat' dir='ltr'>p.</span> <span class='ocrx_word' id='word_1_216' title='bbox 590 4213 654 4276; x_wconf 87' lang='grc'>606</span> <span class='ocrx_word' id='word_1_217' title='bbox 667 4215 943 4279; x_wconf 85' lang='lat' dir='ltr'>commendabam</span> <span class='ocrx_word' id='word_1_218' title='bbox 956 4215 1057 4277; x_wconf 89' lang='lat' dir='ltr'>Xonti</span> <span class='ocrx_word' id='word_1_219' title='bbox 1069 4218 1303 4292; x_wconf 89' lang='lat' dir='ltr'>coniecturam,</span> <span class='ocrx_word' id='word_1_220' title='bbox 1317 4219 1482 4292; x_wconf 86' lang='lat' dir='ltr'>receptam</span> 
     </span>
     <span class='ocr_line' id='line_1_26' title="bbox 257 4326 1481 4414; baseline 0.002 -27"><span class='ocrx_word' id='word_1_221' title='bbox 257 4341 344 4388; x_wconf 92' lang='lat' dir='ltr'>nunc</span> <span class='ocrx_word' id='word_1_222' title='bbox 374 4328 611 4390; x_wconf 89' lang='lat' dir='ltr'>aLecuweuio</span> <span class='ocrx_word' id='word_1_223' title='bbox 643 4326 710 4388; x_wconf 82' lang='grc' dir='ltr'>ἐάν</span> <span class='ocrx_word' id='word_1_224' title='bbox 738 4352 785 4414; x_wconf 79' lang='grc' dir='ltr'>τῳ</span> <span class='ocrx_word' id='word_1_225' title='bbox 816 4330 991 4413; x_wconf 58' lang='lat' dir='ltr'>trevidon,</span> <span class='ocrx_word' id='word_1_226' title='bbox 1015 4332 1112 4393; x_wconf 88' lang='lat' dir='ltr'>hodie</span> <span class='ocrx_word' id='word_1_227' title='bbox 1136 4347 1227 4408; x_wconf 88' lang='lat' dir='ltr'>vero,</span> <span class='ocrx_word' id='word_1_228' title='bbox 1254 4333 1303 4406; x_wconf 88' lang='lat' dir='ltr'>nt,</span> <span class='ocrx_word' id='word_1_229' title='bbox 1328 4329 1481 4405; x_wconf 87' lang='lat' dir='ltr'>quemad·</span> 
     </span>
     <span class='ocr_line' id='line_1_27' title="bbox 256 4439 1481 4526; baseline 0.002 -27"><span class='ocrx_word' id='word_1_230' title='bbox 256 4439 392 4500; x_wconf 92' lang='lat' dir='ltr'>modum</span> <span class='ocrx_word' id='word_1_231' title='bbox 423 4441 629 4516; x_wconf 82' lang='lat' dir='ltr'>Francogalli</span> <span class='ocrx_word' id='word_1_232' title='bbox 665 4443 792 4520; x_wconf 90' lang='lat' dir='ltr'>dieunt,</span> <span class='ocrx_word' id='word_1_233' title='bbox 825 4444 983 4505; x_wconf 87' lang='lat' dir='ltr'>melius</span> <span class='ocrx_word' id='word_1_234' title='bbox 1013 4449 1080 4506; x_wconf 90' lang='lat' dir='ltr'>est</span> <span class='ocrx_word' id='word_1_235' title='bbox 1110 4446 1215 4526; x_wconf 81' lang='lat' dir='ltr'>bono</span> <span class='ocrx_word' id='word_1_236' title='bbox 1245 4444 1481 4517; x_wconf 82' lang='lat' dir='ltr'>inimicum,</span> 
     </span>
     <span class='ocr_line' id='line_1_28' title="bbox 256 4553 1483 4635; baseline 0.003 -23"><span class='ocrx_word' id='word_1_237' title='bbox 256 4554 365 4628; x_wconf 84' lang='lat' dir='ltr'>magis</span> <span class='ocrx_word' id='word_1_238' title='bbox 405 4553 513 4629; x_wconf 88' lang='lat' dir='ltr'>placet</span> <span class='ocrx_word' id='word_1_239' title='bbox 546 4555 653 4616; x_wconf 90' lang='lat' dir='ltr'>lenius</span> <span class='ocrx_word' id='word_1_240' title='bbox 687 4557 874 4632; x_wconf 84' lang='lat' dir='ltr'>Richardsi‚</span> <span class='ocrx_word' id='word_1_241' title='bbox 918 4558 1024 4619; x_wconf 80' lang='lat' dir='ltr'>felicis</span> <span class='ocrx_word' id='word_1_242' title='bbox 1057 4559 1265 4635; x_wconf 88' lang='lat' dir='ltr'>coniectoris,</span> <span class='ocrx_word' id='word_1_243' title='bbox 1308 4559 1483 4618; x_wconf 86' lang='lat' dir='ltr'>inventum</span> 
     </span>
     <span class='ocr_line' id='line_1_29' title="bbox 256 4660 1480 4749; baseline 0.002 -23"><span class='ocrx_word' id='word_1_244' title='bbox 256 4660 386 4729; x_wconf 79' lang='grc' dir='ltr'><strong><em>ἐ&lt;π’&gt;</em></strong></span> <span class='ocrx_word' id='word_1_245' title='bbox 419 4663 521 4749; x_wconf 72' lang='grc' dir='ltr'><strong><em>αὐτῷ</em></strong></span> <span class='ocrx_word' id='word_1_246' title='bbox 553 4668 782 4742; x_wconf 78' lang='grc' dir='ltr'><strong><em>σπουδάσας</em></strong></span> <span class='ocrx_word' id='word_1_247' title='bbox 815 4671 1023 4747; x_wconf 61' lang='lat' dir='ltr'>corrigentis</span> <span class='ocrx_word' id='word_1_248' title='bbox 1053 4672 1126 4733; x_wconf 92' lang='lat' dir='ltr'>coll.</span> <span class='ocrx_word' id='word_1_249' title='bbox 1150 4673 1268 4733; x_wconf 85' lang='lat' dir='ltr'>Aesch.</span> <span class='ocrx_word' id='word_1_250' title='bbox 1293 4672 1380 4746; x_wconf 85' lang='lat' dir='ltr'>Sept.</span> <span class='ocrx_word' id='word_1_251' title='bbox 1405 4671 1480 4743; x_wconf 81' lang='grc'><strong>447,</strong></span> 
     </span>
     <span class='ocr_line' id='line_1_30' title="bbox 257 4780 1259 4861; baseline 0.007 -21"><span class='ocrx_word' id='word_1_252' title='bbox 257 4781 340 4852; x_wconf 90' lang='grc'><strong>620;</strong></span> <span class='ocrx_word' id='word_1_253' title='bbox 366 4780 457 4842; x_wconf 79' lang='lat' dir='ltr'>&#39;l‘huo</span> <span class='ocrx_word' id='word_1_254' title='bbox 481 4780 512 4841; x_wconf 87' lang='lat'>11</span> <span class='ocrx_word' id='word_1_255' title='bbox 537 4783 588 4858; x_wconf 88' lang='grc'>70,</span> <span class='ocrx_word' id='word_1_256' title='bbox 612 4784 649 4857; x_wconf 83' lang='grc'>3;</span> <span class='ocrx_word' id='word_1_257' title='bbox 674 4784 722 4844; x_wconf 90' lang='lat' dir='ltr'>Ill</span> <span class='ocrx_word' id='word_1_258' title='bbox 749 4786 798 4860; x_wconf 88' lang='lat'>13,</span> <span class='ocrx_word' id='word_1_259' title='bbox 825 4787 855 4861; x_wconf 87' lang='lat'>3,</span> <span class='ocrx_word' id='word_1_260' title='bbox 881 4785 964 4846; x_wconf 90' lang='lat' dir='ltr'>Plat.</span> <span class='ocrx_word' id='word_1_261' title='bbox 989 4786 1122 4847; x_wconf 83' lang='lat' dir='ltr'>Theaet.</span> <span class='ocrx_word' id='word_1_262' title='bbox 1150 4787 1211 4847; x_wconf 90' lang='grc'>172</span> <span class='ocrx_word' id='word_1_263' title='bbox 1225 4787 1259 4846; x_wconf 85' lang='grc' dir='ltr'>Ε.</span> 
     </span>
    </p>
   </div>
   <div class='ocr_carea' id='block_1_12' title="bbox 256 4992 1412 5210">
    <p class='ocr_par' dir='ltr' id='par_1_12' title="bbox 256 4992 1412 5210">
     <span class='ocr_line' id='line_1_31' title="bbox 256 4992 1412 5077; baseline -0.004 -16"><span class='ocrx_word' id='word_1_264' title='bbox 256 4993 313 5067; x_wconf 70' lang='lat' dir='ltr'>VS·</span> <span class='ocrx_word' id='word_1_265' title='bbox 339 4996 414 5060; x_wconf 80' lang='lat'><strong>708·</strong></span> <span class='ocrx_word' id='word_1_266' title='bbox 525 4993 571 5072; x_wconf 83' lang='grc' dir='ltr'>ὅς,</span> <span class='ocrx_word' id='word_1_267' title='bbox 594 4993 635 5072; x_wconf 79' lang='grc' dir='ltr'>μὰ</span> <span class='ocrx_word' id='word_1_268' title='bbox 658 4993 713 5073; x_wconf 77' lang='grc' dir='ltr'>τὴν</span> <span class='ocrx_word' id='word_1_269' title='bbox 737 4992 881 5076; x_wconf 82' lang='grc' dir='ltr'>Δήμητρ’,</span> <span class='ocrx_word' id='word_1_270' title='bbox 903 4996 1017 5070; x_wconf 78' lang='grc' dir='ltr'><strong><em>ἐκεῖνος</em></strong></span> <span class='ocrx_word' id='word_1_271' title='bbox 1039 4993 1117 5076; x_wconf 77' lang='grc' dir='ltr'><strong><em>ἡνίκ’</em></strong></span> <span class='ocrx_word' id='word_1_272' title='bbox 1142 4996 1181 5077; x_wconf 75' lang='grc' dir='ltr'>ἣν</span> <span class='ocrx_word' id='word_1_273' title='bbox 1206 4997 1412 5074; x_wconf 72' lang='grc' dir='ltr'><strong><em>Θονκυδίδης,</em></strong></span> 
     </span>
     <span class='ocr_line' id='line_1_32' title="bbox 524 5104 1378 5210; baseline -0.008 -31"><span class='ocrx_word' id='word_1_274' title='bbox 524 5104 591 5179; x_wconf 73' lang='grc' dir='ltr'>οὐδ’</span> <span class='ocrx_word' id='word_1_275' title='bbox 617 5107 655 5176; x_wconf 78' lang='lat' dir='ltr'>tv</span> <span class='ocrx_word' id='word_1_276' title='bbox 680 5109 802 5194; x_wconf 75' lang='grc' dir='ltr'><strong><em>αὐτὴν</em></strong></span> <span class='ocrx_word' id='word_1_277' title='bbox 827 5111 894 5195; x_wconf 72' lang='grc' dir='ltr'>τὴν</span> <span class='ocrx_word' id='word_1_278' title='bbox 920 5113 1073 5196; x_wconf 82' lang='grc' dir='ltr'><strong><em>Αχαίαυ</em></strong></span> <span class='ocrx_word' id='word_1_279' title='bbox 1096 5112 1206 5210; x_wconf 71' lang='grc' dir='ltr'><strong><em>ῥᾳδίοις</em></strong></span> <span class='ocrx_word' id='word_1_280' title='bbox 1231 5110 1378 5195; x_wconf 78' lang='grc' dir='ltr'><strong><em>ἠνέσχετο.</em></strong></span> 
     </span>
    </p>
   </div>
   <div class='ocr_carea' id='block_1_13' title="bbox 0 0 1940 6450">
    <p class='ocr_par' dir='ltr' id='par_1_13' title="bbox 0 0 1940 6450">
     <span class='ocr_line' id='line_1_33' title="bbox 0 0 1940 6450; baseline 0 0"><span class='ocrx_word' id='word_1_281' title='bbox 0 0 1940 6450; x_wconf 95' lang='lat' dir='ltr'> </span> 
     </span>
    </p>
   </div>
  </div>
 </body>
</html>
