<?xml version="1.0" encoding="UTF-8"?>
<!DOCTYPE html PUBLIC "-//W3C//DTD XHTML 1.0 Transitional//EN"
    "http://www.w3.org/TR/xhtml1/DTD/xhtml1-transitional.dtd">
<html xmlns="http://www.w3.org/1999/xhtml" xml:lang="en" lang="en">
 <head>
  <title>
</title>
<meta http-equiv="Content-Type" content="text/html;charset=utf-8" />
  <meta name='ocr-system' content='tesseract 3.04.00' />
  <meta name='ocr-capabilities' content='ocr_page ocr_carea ocr_par ocr_line ocrx_word'/>
</head>
<body>
  <div class='ocr_page' id='page_1' title='image "./vindiciaearisto00herwgoog_0123.png"; bbox 0 0 3867 6450; ppageno 0'>
   <div class='ocr_carea' id='block_1_1' title="bbox 804 1027 866 1085">
    <p class='ocr_par' dir='ltr' id='par_1_1' title="bbox 804 1027 866 1085">
     <span class='ocr_line' id='line_1_1' title="bbox 804 1027 866 1085; baseline 0 -1"><span class='ocrx_word' id='word_1_1' title='bbox 804 1027 866 1085; x_wconf 84' lang='lat'>115</span> 
     </span>
    </p>
   </div>
   <div class='ocr_carea' id='block_1_2' title="bbox 224 1208 1450 1633">
    <p class='ocr_par' dir='ltr' id='par_1_2' title="bbox 224 1208 1222 1298">
     <span class='ocr_line' id='line_1_2' title="bbox 224 1208 1222 1298; baseline -0.002 -24"><span class='ocrx_word' id='word_1_2' title='bbox 224 1217 281 1276; x_wconf 78' lang='lat' dir='ltr'>Vs,</span> <span class='ocrx_word' id='word_1_3' title='bbox 307 1218 381 1276; x_wconf 75' lang='lat'>255.</span> <span class='ocrx_word' id='word_1_4' title='bbox 491 1214 584 1298; x_wconf 77' lang='grc' dir='ltr'><em>τούτῳ</em></span> <span class='ocrx_word' id='word_1_5' title='bbox 607 1211 661 1291; x_wconf 75' lang='grc' dir='ltr'>μὲν</span> <span class='ocrx_word' id='word_1_6' title='bbox 691 1208 805 1274; x_wconf 79' lang='grc' dir='ltr'><em>εἷπον</em></span> <span class='ocrx_word' id='word_1_7' title='bbox 837 1213 879 1285; x_wconf 82' lang='grc' dir='ltr'>εἷς</span> <span class='ocrx_word' id='word_1_8' title='bbox 901 1212 994 1284; x_wconf 84' lang='grc' dir='ltr'><em>κυνὸς</em></span> <span class='ocrx_word' id='word_1_9' title='bbox 1013 1212 1115 1291; x_wconf 75' lang='grc' dir='ltr'><em>πυγὴν</em></span> <span class='ocrx_word' id='word_1_10' title='bbox 1139 1209 1222 1291; x_wconf 82' lang='grc' dir='ltr'><em>ὁρᾶν.</em></span> 
     </span>
    </p>

    <p class='ocr_par' dir='ltr' id='par_1_3' title="bbox 224 1322 1450 1633">
     <span class='ocr_line' id='line_1_3' title="bbox 268 1322 1450 1404; baseline -0.004 -16"><span class='ocrx_word' id='word_1_11' title='bbox 268 1331 381 1389; x_wconf 79' lang='lat' dir='ltr'>Editor</span> <span class='ocrx_word' id='word_1_12' title='bbox 410 1329 510 1389; x_wconf 83' lang='lat' dir='ltr'>habet</span> <span class='ocrx_word' id='word_1_13' title='bbox 539 1322 625 1389; x_wconf 77' lang='grc' dir='ltr'><em>εἶπον</em></span> <span class='ocrx_word' id='word_1_14' title='bbox 654 1344 712 1404; x_wconf 93' lang='lat' dir='ltr'>pro</span> <span class='ocrx_word' id='word_1_15' title='bbox 743 1329 866 1389; x_wconf 86' lang='lat' dir='ltr'>aoristo</span> <span class='ocrx_word' id='word_1_16' title='bbox 896 1329 1037 1404; x_wconf 85' lang='lat' dir='ltr'>tragico,</span> <span class='ocrx_word' id='word_1_17' title='bbox 1061 1331 1099 1388; x_wconf 92' lang='lat' dir='ltr'>ut</span> <span class='ocrx_word' id='word_1_18' title='bbox 1122 1329 1195 1391; x_wconf 82' lang='lat' dir='ltr'>Eur.</span> <span class='ocrx_word' id='word_1_19' title='bbox 1220 1325 1302 1386; x_wconf 87' lang='lat' dir='ltr'>Med.</span> <span class='ocrx_word' id='word_1_20' title='bbox 1327 1325 1392 1384; x_wconf 82' lang='grc'>272</span> <span class='ocrx_word' id='word_1_21' title='bbox 1417 1327 1450 1384; x_wconf 90' lang='lat' dir='ltr'>et</span> 
     </span>
     <span class='ocr_line' id='line_1_4' title="bbox 224 1429 1450 1519; baseline -0.003 -17"><span class='ocrx_word' id='word_1_22' title='bbox 224 1443 362 1519; x_wconf 83' lang='lat' dir='ltr'>passim,</span> <span class='ocrx_word' id='word_1_23' title='bbox 388 1429 454 1503; x_wconf 90' lang='lat' dir='ltr'>non</span> <span class='ocrx_word' id='word_1_24' title='bbox 478 1444 635 1518; x_wconf 83' lang='lat' dir='ltr'>reputans</span> <span class='ocrx_word' id='word_1_25' title='bbox 657 1443 760 1503; x_wconf 85' lang='lat' dir='ltr'>tatem</span> <span class='ocrx_word' id='word_1_26' title='bbox 783 1444 944 1503; x_wconf 87' lang='lat' dir='ltr'>aoristum</span> <span class='ocrx_word' id='word_1_27' title='bbox 970 1443 1048 1518; x_wconf 92' lang='lat' dir='ltr'>poni</span> <span class='ocrx_word' id='word_1_28' title='bbox 1070 1457 1128 1517; x_wconf 92' lang='lat' dir='ltr'>pro</span> <span class='ocrx_word' id='word_1_29' title='bbox 1151 1444 1338 1516; x_wconf 83' lang='lat' dir='ltr'>praesente,</span> <span class='ocrx_word' id='word_1_30' title='bbox 1364 1439 1450 1513; x_wconf 88' lang='lat' dir='ltr'>quod</span> 
     </span>
     <span class='ocr_line' id='line_1_5' title="bbox 224 1548 1449 1633; baseline -0.005 -17"><span class='ocrx_word' id='word_1_31' title='bbox 224 1560 356 1632; x_wconf 87' lang='lat' dir='ltr'>tempus</span> <span class='ocrx_word' id='word_1_32' title='bbox 379 1559 432 1618; x_wconf 90' lang='lat' dir='ltr'>hic</span> <span class='ocrx_word' id='word_1_33' title='bbox 454 1558 592 1618; x_wconf 88' lang='lat' dir='ltr'>minime</span> <span class='ocrx_word' id='word_1_34' title='bbox 610 1558 766 1618; x_wconf 87' lang='lat' dir='ltr'>convenit</span> <span class='ocrx_word' id='word_1_35' title='bbox 784 1560 917 1633; x_wconf 88' lang='lat' dir='ltr'>propter</span> <span class='ocrx_word' id='word_1_36' title='bbox 939 1573 988 1618; x_wconf 86' lang='lat' dir='ltr'>vs.</span> <span class='ocrx_word' id='word_1_37' title='bbox 1014 1559 1279 1620; x_wconf 82' lang='lat' dir='ltr'>antecedentem:</span> <span class='ocrx_word' id='word_1_38' title='bbox 1304 1556 1333 1613; x_wconf 74' lang='grc' dir='ltr'>τί</span> <span class='ocrx_word' id='word_1_39' title='bbox 1354 1548 1384 1612; x_wconf 75' lang='grc' dir='ltr'>δ’</span> <span class='ocrx_word' id='word_1_40' title='bbox 1411 1549 1449 1631; x_wconf 75' lang='grc' dir='ltr'>ἢν</span> 
     </span>
    </p>
   </div>
   <div class='ocr_carea' id='block_1_3' title="bbox 103 1667 1449 1861">
    <p class='ocr_par' dir='ltr' id='par_1_4' title="bbox 103 1667 1449 1861">
     <span class='ocr_line' id='line_1_6' title="bbox 103 1667 1449 1754; baseline -0.003 -25"><span class='ocrx_word' id='word_1_41' title='bbox 103 1738 104 1751; x_wconf 18' lang='lat'>¹</span> <span class='ocrx_word' id='word_1_42' title='bbox 225 1670 407 1748; x_wconf 79' lang='grc' dir='ltr'><em>Νεοκλείδης</em></span> <span class='ocrx_word' id='word_1_43' title='bbox 443 1667 459 1730; x_wconf 87' lang='grc' dir='ltr'>ὁ</span> <span class='ocrx_word' id='word_1_44' title='bbox 494 1669 615 1750; x_wconf 70' lang='grc' dir='ltr'><em>γλάμων</em></span> <span class='ocrx_word' id='word_1_45' title='bbox 653 1687 685 1729; x_wconf 82' lang='grc' dir='ltr'>οε</span> <span class='ocrx_word' id='word_1_46' title='bbox 718 1670 849 1754; x_wconf 72' lang='grc' dir='ltr'><em>λοιδορῇ.</em></span> <span class='ocrx_word' id='word_1_47' title='bbox 887 1671 992 1746; x_wconf 79' lang='lat' dir='ltr'>Quare</span> <span class='ocrx_word' id='word_1_48' title='bbox 1024 1674 1120 1731; x_wconf 87' lang='lat' dir='ltr'>teneo</span> <span class='ocrx_word' id='word_1_49' title='bbox 1154 1671 1303 1731; x_wconf 87' lang='lat' dir='ltr'>veterem</span> <span class='ocrx_word' id='word_1_50' title='bbox 1338 1682 1449 1726; x_wconf 87' lang='lat' dir='ltr'>meam</span> 
     </span>
     <span class='ocr_line' id='line_1_7' title="bbox 103 1779 1400 1861; baseline -0.003 -17"><span class='ocrx_word' id='word_1_51' title='bbox 103 1782 104 1791; x_wconf 78' lang='grc'>’</span> <span class='ocrx_word' id='word_1_52' title='bbox 225 1786 424 1845; x_wconf 83' lang='lat' dir='ltr'>sententiam</span> <span class='ocrx_word' id='word_1_53' title='bbox 450 1785 679 1859; x_wconf 85' lang='lat' dir='ltr'>corrigendum</span> <span class='ocrx_word' id='word_1_54' title='bbox 703 1800 776 1846; x_wconf 84' lang='lat' dir='ltr'>csse</span> <span class='ocrx_word' id='word_1_55' title='bbox 803 1781 900 1843; x_wconf 77' lang='grc' dir='ltr'><em>&lt;ἂο&gt;</em></span> <span class='ocrx_word' id='word_1_56' title='bbox 928 1779 1045 1861; x_wconf 80' lang='grc' dir='ltr'><em>εἴποιμ’.</em></span> <span class='ocrx_word' id='word_1_57' title='bbox 1070 1783 1115 1844; x_wconf 85' lang='lat' dir='ltr'>of.</span> <span class='ocrx_word' id='word_1_58' title='bbox 1141 1783 1228 1842; x_wconf 88' lang='lat' dir='ltr'>infra</span> <span class='ocrx_word' id='word_1_59' title='bbox 1251 1797 1300 1841; x_wconf 84' lang='lat' dir='ltr'>ve.</span> <span class='ocrx_word' id='word_1_60' title='bbox 1324 1780 1400 1842; x_wconf 79' lang='lat'>407.</span> 
     </span>
    </p>
   </div>
   <div class='ocr_carea' id='block_1_4' title="bbox 229 1999 1449 2086">
    <p class='ocr_par' dir='ltr' id='par_1_5' title="bbox 229 1999 1449 2086">
     <span class='ocr_line' id='line_1_8' title="bbox 229 1999 1449 2086; baseline 0 -18"><span class='ocrx_word' id='word_1_61' title='bbox 229 2011 283 2072; x_wconf 84' lang='lat' dir='ltr'>Vs.</span> <span class='ocrx_word' id='word_1_62' title='bbox 308 2013 382 2073; x_wconf 88' lang='grc'>282.</span> <span class='ocrx_word' id='word_1_63' title='bbox 451 2012 585 2086; x_wconf 82' lang='lat' dir='ltr'>Recepit</span> <span class='ocrx_word' id='word_1_64' title='bbox 620 2011 726 2072; x_wconf 84' lang='lat' dir='ltr'>editor</span> <span class='ocrx_word' id='word_1_65' title='bbox 758 2027 869 2072; x_wconf 86' lang='lat' dir='ltr'>meam</span> <span class='ocrx_word' id='word_1_66' title='bbox 901 2012 1139 2073; x_wconf 84' lang='lat' dir='ltr'>correctionem</span> <span class='ocrx_word' id='word_1_67' title='bbox 1170 1999 1203 2068; x_wconf 79' lang='grc' dir='ltr'>εὖ</span> <span class='ocrx_word' id='word_1_68' title='bbox 1231 2003 1297 2067; x_wconf 79' lang='grc' dir='ltr'><strong><em>ἴσθ’</em></strong></span> <span class='ocrx_word' id='word_1_69' title='bbox 1325 2005 1368 2067; x_wconf 72' lang='grc' dir='ltr'>ὅτι</span> <span class='ocrx_word' id='word_1_70' title='bbox 1391 2023 1449 2082; x_wconf 91' lang='lat' dir='ltr'>pro</span> 
     </span>
    </p>
   </div>
   <div class='ocr_carea' id='block_1_5' title="bbox 226 2118 1450 2657">
    <p class='ocr_par' dir='ltr' id='par_1_6' title="bbox 226 2118 1450 2657">
     <span class='ocr_line' id='line_1_9' title="bbox 227 2118 406 2184; baseline 0.011 -2"><span class='ocrx_word' id='word_1_71' title='bbox 227 2118 313 2183; x_wconf 82' lang='grc' dir='ltr'><em>εἴωθ’</em></span> <span class='ocrx_word' id='word_1_72' title='bbox 340 2123 406 2184; x_wconf 77' lang='grc' dir='ltr'><em>ἐκεῖ.</em></span> 
     </span>
     <span class='ocr_line' id='line_1_10' title="bbox 227 2352 1254 2430; baseline 0.002 -20"><span class='ocrx_word' id='word_1_73' title='bbox 227 2353 282 2415; x_wconf 88' lang='lat' dir='ltr'>Vs.</span> <span class='ocrx_word' id='word_1_74' title='bbox 308 2355 386 2430; x_wconf 84' lang='grc'>322,</span> <span class='ocrx_word' id='word_1_75' title='bbox 412 2356 449 2414; x_wconf 87' lang='lat' dir='ltr'>ut</span> <span class='ocrx_word' id='word_1_76' title='bbox 470 2353 566 2429; x_wconf 89' lang='lat' dir='ltr'>oiim,</span> <span class='ocrx_word' id='word_1_77' title='bbox 591 2369 672 2414; x_wconf 91' lang='lat' dir='ltr'>num</span> <span class='ocrx_word' id='word_1_78' title='bbox 697 2354 860 2428; x_wconf 85' lang='lat' dir='ltr'>genuinus</span> <span class='ocrx_word' id='word_1_79' title='bbox 883 2354 941 2430; x_wconf 87' lang='lat' dir='ltr'>sit,</span> <span class='ocrx_word' id='word_1_80' title='bbox 966 2354 1111 2414; x_wconf 86' lang='lat' dir='ltr'>multum</span> <span class='ocrx_word' id='word_1_81' title='bbox 1133 2352 1254 2412; x_wconf 89' lang='lat' dir='ltr'>dubito.</span> 
     </span>
     <span class='ocr_line' id='line_1_11' title="bbox 226 2579 1450 2657; baseline -0.003 -17"><span class='ocrx_word' id='word_1_82' title='bbox 226 2583 281 2642; x_wconf 87' lang='lat' dir='ltr'>Vs.</span> <span class='ocrx_word' id='word_1_83' title='bbox 305 2584 369 2642; x_wconf 81' lang='lat'>330</span> <span class='ocrx_word' id='word_1_84' title='bbox 393 2597 440 2655; x_wconf 83' lang='lat' dir='ltr'>sq.</span> <span class='ocrx_word' id='word_1_85' title='bbox 510 2582 651 2655; x_wconf 86' lang='lat' dir='ltr'>Blaydes</span> <span class='ocrx_word' id='word_1_86' title='bbox 681 2583 769 2642; x_wconf 89' lang='lat' dir='ltr'>maie</span> <span class='ocrx_word' id='word_1_87' title='bbox 800 2586 898 2641; x_wconf 76' lang='grc' dir='ltr'><em>ποθεν</em></span> <span class='ocrx_word' id='word_1_88' title='bbox 929 2583 1068 2657; x_wconf 86' lang='lat' dir='ltr'>iungens</span> <span class='ocrx_word' id='word_1_89' title='bbox 1100 2597 1175 2642; x_wconf 91' lang='lat' dir='ltr'>cum</span> <span class='ocrx_word' id='word_1_90' title='bbox 1199 2580 1310 2641; x_wconf 85' lang='lat' dir='ltr'>verbis</span> <span class='ocrx_word' id='word_1_91' title='bbox 1333 2579 1450 2640; x_wconf 83' lang='lat' dir='ltr'>vicinis</span> 
     </span>
    </p>
   </div>
   <div class='ocr_carea' id='block_1_6' title="bbox 227 2694 1450 2885">
    <p class='ocr_par' dir='ltr' id='par_1_7' title="bbox 227 2694 1450 2885">
     <span class='ocr_line' id='line_1_12' title="bbox 227 2694 1450 2772; baseline -0.002 -17"><span class='ocrx_word' id='word_1_92' title='bbox 227 2697 378 2757; x_wconf 88' lang='lat' dir='ltr'>adnotat:</span> <span class='ocrx_word' id='word_1_93' title='bbox 414 2697 571 2772; x_wconf 79' lang='lat' dir='ltr'>„Negatio</span> <span class='ocrx_word' id='word_1_94' title='bbox 593 2694 705 2767; x_wconf 70' lang='grc' dir='ltr'><em>πάθεος</em></span> <span class='ocrx_word' id='word_1_95' title='bbox 728 2697 837 2757; x_wconf 90' lang='lat' dir='ltr'>locum</span> <span class='ocrx_word' id='word_1_96' title='bbox 862 2697 1004 2757; x_wconf 91' lang='lat' dir='ltr'>hicnon</span> <span class='ocrx_word' id='word_1_97' title='bbox 1029 2697 1140 2772; x_wconf 86' lang='lat' dir='ltr'>habet,</span> <span class='ocrx_word' id='word_1_98' title='bbox 1166 2711 1267 2769; x_wconf 88' lang='lat' dir='ltr'>quum</span> <span class='ocrx_word' id='word_1_99' title='bbox 1292 2696 1450 2768; x_wconf 86' lang='lat' dir='ltr'>sequatur</span> 
     </span>
     <span class='ocr_line' id='line_1_13' title="bbox 227 2807 1448 2885; baseline -0.002 -18"><span class='ocrx_word' id='word_1_100' title='bbox 227 2807 312 2868; x_wconf 80' lang='grc' dir='ltr'><em>οὔκ.”</em></span> <span class='ocrx_word' id='word_1_101' title='bbox 345 2810 428 2883; x_wconf 77' lang='lat' dir='ltr'>Quia</span> <span class='ocrx_word' id='word_1_102' title='bbox 457 2814 572 2870; x_wconf 90' lang='lat' dir='ltr'>tamen</span> <span class='ocrx_word' id='word_1_103' title='bbox 602 2810 714 2885; x_wconf 89' lang='lat' dir='ltr'>procul</span> <span class='ocrx_word' id='word_1_104' title='bbox 745 2811 841 2871; x_wconf 88' lang='lat' dir='ltr'>dubio</span> <span class='ocrx_word' id='word_1_105' title='bbox 872 2811 1012 2884; x_wconf 86' lang='lat' dir='ltr'>Blepyro</span> <span class='ocrx_word' id='word_1_106' title='bbox 1040 2810 1121 2870; x_wconf 86' lang='lat' dir='ltr'>haec</span> <span class='ocrx_word' id='word_1_107' title='bbox 1145 2809 1261 2869; x_wconf 87' lang='lat' dir='ltr'>vocula</span> <span class='ocrx_word' id='word_1_108' title='bbox 1283 2807 1448 2868; x_wconf 87' lang='lat' dir='ltr'>reddenda</span> 
     </span>
    </p>
   </div>
   <div class='ocr_carea' id='block_1_7' title="bbox 103 2919 1461 3000">
    <p class='ocr_par' dir='ltr' id='par_1_8' title="bbox 103 2919 1461 3000">
     <span class='ocr_line' id='line_1_14' title="bbox 103 2919 1461 3000; baseline -0.001 -17"><span class='ocrx_word' id='word_1_109' title='bbox 103 2922 104 2929; x_wconf 77' lang='grc'>’</span> <span class='ocrx_word' id='word_1_110' title='bbox 227 2926 288 2999; x_wconf 82' lang='lat' dir='ltr'>eet,</span> <span class='ocrx_word' id='word_1_111' title='bbox 320 2926 357 2984; x_wconf 93' lang='lat' dir='ltr'>ut</span> <span class='ocrx_word' id='word_1_112' title='bbox 388 2923 456 2983; x_wconf 89' lang='lat' dir='ltr'>iam</span> <span class='ocrx_word' id='word_1_113' title='bbox 487 2925 565 2984; x_wconf 84' lang='lat' dir='ltr'>tecit</span> <span class='ocrx_word' id='word_1_114' title='bbox 594 2924 735 3000; x_wconf 80' lang='lat' dir='ltr'>Bekker,</span> <span class='ocrx_word' id='word_1_115' title='bbox 767 2925 881 2984; x_wconf 90' lang='lat' dir='ltr'>Herm.</span> <span class='ocrx_word' id='word_1_116' title='bbox 912 2923 1022 2982; x_wconf 89' lang='lat' dir='ltr'>XXIV</span> <span class='ocrx_word' id='word_1_117' title='bbox 1049 2923 1070 2983; x_wconf 89' lang='lat'>1.</span> <span class='ocrx_word' id='word_1_118' title='bbox 1084 2922 1104 2986; x_wconf 93' lang='lat' dir='ltr'>l.</span> <span class='ocrx_word' id='word_1_119' title='bbox 1138 2923 1262 2984; x_wconf 90' lang='lat' dir='ltr'>conieci</span> <span class='ocrx_word' id='word_1_120' title='bbox 1292 2919 1348 2981; x_wconf 80' lang='lat' dir='ltr'>oda</span> <span class='ocrx_word' id='word_1_121' title='bbox 1374 2936 1461 2982; x_wconf 80' lang='lat' dir='ltr'>esse</span> 
     </span>
    </p>
   </div>
   <div class='ocr_carea' id='block_1_8' title="bbox 103 3021 1448 3680">
    <p class='ocr_par' dir='ltr' id='par_1_9' title="bbox 103 3021 1448 3680">
     <span class='ocr_line' id='line_1_15' title="bbox 227 3021 1017 3111; baseline -0.001 -16"><span class='ocrx_word' id='word_1_122' title='bbox 227 3037 295 3096; x_wconf 84' lang='lat' dir='ltr'>eius</span> <span class='ocrx_word' id='word_1_123' title='bbox 317 3038 651 3111; x_wconf 83' lang='lat' dir='ltr'>interpretamentum</span> <span class='ocrx_word' id='word_1_124' title='bbox 676 3039 709 3098; x_wconf 83' lang='lat' dir='ltr'>et</span> <span class='ocrx_word' id='word_1_125' title='bbox 731 3037 905 3111; x_wconf 84' lang='lat' dir='ltr'>legendum</span> <span class='ocrx_word' id='word_1_126' title='bbox 930 3021 1017 3096; x_wconf 77' lang='lat' dir='ltr'>cese:</span> 
     </span>
     <span class='ocr_line' id='line_1_16' title="bbox 935 3149 1161 3223; baseline -0.013 -13"><span class='ocrx_word' id='word_1_127' title='bbox 935 3149 1025 3223; x_wconf 90' lang='lat' dir='ltr'>Blep.</span> <span class='ocrx_word' id='word_1_128' title='bbox 1050 3149 1161 3221; x_wconf 77' lang='grc' dir='ltr'><em>οόθεο;</em></span> 
     </span>
     <span class='ocr_line' id='line_1_17' title="bbox 489 3260 1037 3343; baseline 0 -20"><span class='ocrx_word' id='word_1_129' title='bbox 489 3260 563 3323; x_wconf 79' lang='grc' dir='ltr'><em>ἀλλὰ</em></span> <span class='ocrx_word' id='word_1_130' title='bbox 589 3261 714 3323; x_wconf 80' lang='grc' dir='ltr'><em>&lt;τόόε&gt;</em></span> <span class='ocrx_word' id='word_1_131' title='bbox 740 3271 792 3339; x_wconf 74' lang='grc' dir='ltr'>τῆς</span> <span class='ocrx_word' id='word_1_132' title='bbox 814 3262 957 3343; x_wconf 78' lang='grc' dir='ltr'><em>γυναικὸς</em></span> <span class='ocrx_word' id='word_1_133' title='bbox 981 3261 1037 3323; x_wconf 60' lang='lat' dir='ltr'>art.</span> 
     </span>
     <span class='ocr_line' id='line_1_18' title="bbox 268 3368 1448 3453; baseline -0.003 -16"><span class='ocrx_word' id='word_1_134' title='bbox 268 3378 388 3439; x_wconf 81' lang='lat' dir='ltr'>Mnem.</span> <span class='ocrx_word' id='word_1_135' title='bbox 419 3393 497 3439; x_wconf 86' lang='lat' dir='ltr'>vcro</span> <span class='ocrx_word' id='word_1_136' title='bbox 528 3378 636 3437; x_wconf 87' lang='lat' dir='ltr'>XXIV</span> <span class='ocrx_word' id='word_1_137' title='bbox 665 3394 696 3453; x_wconf 93' lang='lat' dir='ltr'>p.</span> <span class='ocrx_word' id='word_1_138' title='bbox 729 3379 795 3437; x_wconf 81' lang='lat'>304</span> <span class='ocrx_word' id='word_1_139' title='bbox 829 3379 984 3453; x_wconf 81' lang='lat' dir='ltr'>proposui</span> <span class='ocrx_word' id='word_1_140' title='bbox 1014 3374 1073 3437; x_wconf 81' lang='grc' dir='ltr'><em>ἀλλ’</em></span> <span class='ocrx_word' id='word_1_141' title='bbox 1114 3368 1224 3441; x_wconf 59' lang='lat' dir='ltr'>&lt;dio</span> <span class='ocrx_word' id='word_1_142' title='bbox 1265 3409 1303 3419; x_wconf 96' lang='lat'><em>-</em></span> <span class='ocrx_word' id='word_1_143' title='bbox 1340 3376 1448 3451; x_wconf 84' lang='lat' dir='ltr'>possis</span> 
     </span>
     <span class='ocr_line' id='line_1_19' title="bbox 226 3485 1446 3566; baseline -0.001 -15"><span class='ocrx_word' id='word_1_144' title='bbox 226 3491 325 3551; x_wconf 89' lang='lat' dir='ltr'>etiam</span> <span class='ocrx_word' id='word_1_145' title='bbox 360 3485 419 3550; x_wconf 85' lang='grc' dir='ltr'><em>ἀλλ’</em></span> <span class='ocrx_word' id='word_1_146' title='bbox 456 3488 587 3565; x_wconf 61' lang='lat' dir='ltr'>&lt;tw</span> <span class='ocrx_word' id='word_1_147' title='bbox 618 3491 699 3552; x_wconf 88' lang='lat' dir='ltr'>Vide</span> <span class='ocrx_word' id='word_1_148' title='bbox 729 3493 843 3551; x_wconf 88' lang='lat' dir='ltr'>tamen</span> <span class='ocrx_word' id='word_1_149' title='bbox 873 3507 982 3553; x_wconf 90' lang='lat' dir='ltr'>annon</span> <span class='ocrx_word' id='word_1_150' title='bbox 1013 3492 1120 3566; x_wconf 83' lang='lat' dir='ltr'>possit</span> <span class='ocrx_word' id='word_1_151' title='bbox 1149 3492 1275 3561; x_wconf 79' lang='lat' dir='ltr'>serrari</span> <span class='ocrx_word' id='word_1_152' title='bbox 1305 3492 1446 3564; x_wconf 82' lang='lat' dir='ltr'>negatio.</span> 
     </span>
     <span class='ocr_line' id='line_1_20' title="bbox 103 3606 434 3680; baseline 0 -13"><span class='ocrx_word' id='word_1_153' title='bbox 103 3611 104 3618; x_wconf 78' lang='grc'>’</span> <span class='ocrx_word' id='word_1_154' title='bbox 226 3606 271 3667; x_wconf 80' lang='lat' dir='ltr'>Gi.</span> <span class='ocrx_word' id='word_1_155' title='bbox 296 3607 361 3667; x_wconf 79' lang='lat'>372</span> <span class='ocrx_word' id='word_1_156' title='bbox 386 3622 434 3680; x_wconf 84' lang='lat' dir='ltr'>eq.</span> 
     </span>
    </p>
   </div>
   <div class='ocr_carea' id='block_1_9' title="bbox 103 3815 1451 4360">
    <p class='ocr_par' dir='ltr' id='par_1_10' title="bbox 103 3815 1451 4360">
     <span class='ocr_line' id='line_1_21' title="bbox 224 3815 1447 3909; baseline 0.001 -19"><span class='ocrx_word' id='word_1_157' title='bbox 224 3832 277 3892; x_wconf 77' lang='lat' dir='ltr'>Vs,</span> <span class='ocrx_word' id='word_1_158' title='bbox 302 3815 378 3892; x_wconf 81' lang='grc'>344.</span> <span class='ocrx_word' id='word_1_159' title='bbox 448 3828 570 3909; x_wconf 74' lang='grc' dir='ltr'><strong><em>ἱέμην.</em></strong></span> <span class='ocrx_word' id='word_1_160' title='bbox 598 3831 760 3907; x_wconf 80' lang='lat' dir='ltr'>Quoniam</span> <span class='ocrx_word' id='word_1_161' title='bbox 787 3832 849 3892; x_wconf 88' lang='lat' dir='ltr'>hoc</span> <span class='ocrx_word' id='word_1_162' title='bbox 874 3831 1011 3891; x_wconf 86' lang='lat' dir='ltr'>verbum</span> <span class='ocrx_word' id='word_1_163' title='bbox 1039 3831 1217 3905; x_wconf 87' lang='lat' dir='ltr'>respondet</span> <span class='ocrx_word' id='word_1_164' title='bbox 1237 3830 1337 3891; x_wconf 90' lang='lat' dir='ltr'>verbo</span> <span class='ocrx_word' id='word_1_165' title='bbox 1357 3831 1447 3905; x_wconf 90' lang='lat' dir='ltr'>epico</span> 
     </span>
     <span class='ocr_line' id='line_1_22' title="bbox 224 3942 1451 4022; baseline 0 -19"><span class='ocrx_word' id='word_1_166' title='bbox 224 3946 360 4022; x_wconf 64' lang='grc' dir='ltr'><em>λῑίεοθοιι,</em></span> <span class='ocrx_word' id='word_1_167' title='bbox 378 3960 439 4005; x_wconf 90' lang='lat' dir='ltr'>nec</span> <span class='ocrx_word' id='word_1_168' title='bbox 458 3946 637 4019; x_wconf 88' lang='lat' dir='ltr'>quidquam</span> <span class='ocrx_word' id='word_1_169' title='bbox 658 3959 835 4006; x_wconf 91' lang='lat' dir='ltr'>commune</span> <span class='ocrx_word' id='word_1_170' title='bbox 856 3945 976 4006; x_wconf 87' lang='lat' dir='ltr'>habere</span> <span class='ocrx_word' id='word_1_171' title='bbox 996 3946 1125 4006; x_wconf 92' lang='lat' dir='ltr'>videtur</span> <span class='ocrx_word' id='word_1_172' title='bbox 1145 3960 1219 4005; x_wconf 92' lang='lat' dir='ltr'>cum</span> <span class='ocrx_word' id='word_1_173' title='bbox 1240 3943 1339 4005; x_wconf 89' lang='lat' dir='ltr'>verbo</span> <span class='ocrx_word' id='word_1_174' title='bbox 1359 3942 1451 4021; x_wconf 82' lang='grc' dir='ltr'><em>ῖέοοι,</em></span> 
     </span>
     <span class='ocr_line' id='line_1_23' title="bbox 225 4058 1449 4134; baseline 0.003 -19"><span class='ocrx_word' id='word_1_175' title='bbox 225 4058 358 4119; x_wconf 82' lang='lat' dir='ltr'>videno</span> <span class='ocrx_word' id='word_1_176' title='bbox 378 4058 587 4119; x_wconf 87' lang='lat' dir='ltr'>scribendum</span> <span class='ocrx_word' id='word_1_177' title='bbox 607 4061 653 4119; x_wconf 84' lang='lat' dir='ltr'>sit</span> <span class='ocrx_word' id='word_1_178' title='bbox 676 4059 786 4133; x_wconf 81' lang='lat' dir='ltr'>potius</span> <span class='ocrx_word' id='word_1_179' title='bbox 810 4075 886 4119; x_wconf 89' lang='lat' dir='ltr'>cum</span> <span class='ocrx_word' id='word_1_180' title='bbox 911 4061 1029 4134; x_wconf 85' lang='lat' dir='ltr'>spiritu</span> <span class='ocrx_word' id='word_1_181' title='bbox 1050 4060 1129 4134; x_wconf 89' lang='lat' dir='ltr'>leni,</span> <span class='ocrx_word' id='word_1_182' title='bbox 1150 4064 1188 4120; x_wconf 83' lang='lat' dir='ltr'>ut</span> <span class='ocrx_word' id='word_1_183' title='bbox 1206 4059 1284 4119; x_wconf 85' lang='lat' dir='ltr'>fecit</span> <span class='ocrx_word' id='word_1_184' title='bbox 1302 4059 1449 4133; x_wconf 86' lang='lat' dir='ltr'>Krueger</span> 
     </span>
     <span class='ocr_line' id='line_1_24' title="bbox 103 4170 1448 4261; baseline 0 -31"><span class='ocrx_word' id='word_1_185' title='bbox 103 4183 104 4188; x_wconf 72' lang='grc'>’</span> <span class='ocrx_word' id='word_1_186' title='bbox 225 4171 257 4231; x_wconf 92' lang='lat' dir='ltr'>in</span> <span class='ocrx_word' id='word_1_187' title='bbox 279 4171 512 4248; x_wconf 86' lang='lat' dir='ltr'>Xenophonte,</span> <span class='ocrx_word' id='word_1_188' title='bbox 537 4173 622 4248; x_wconf 90' lang='lat' dir='ltr'>apud</span> <span class='ocrx_word' id='word_1_189' title='bbox 642 4188 741 4246; x_wconf 89' lang='lat' dir='ltr'>quem</span> <span class='ocrx_word' id='word_1_190' title='bbox 758 4172 871 4233; x_wconf 85' lang='lat' dir='ltr'>crebro</span> <span class='ocrx_word' id='word_1_191' title='bbox 889 4172 1020 4246; x_wconf 83' lang='lat' dir='ltr'>legitur.</span> <span class='ocrx_word' id='word_1_192' title='bbox 1041 4174 1078 4231; x_wconf 93' lang='lat' dir='ltr'>In</span> <span class='ocrx_word' id='word_1_193' title='bbox 1099 4170 1269 4233; x_wconf 86' lang='lat' dir='ltr'>comoedia</span> <span class='ocrx_word' id='word_1_194' title='bbox 1287 4187 1352 4261; x_wconf 82' lang='lat' dir='ltr'>non</span> <span class='ocrx_word' id='word_1_195' title='bbox 1372 4172 1448 4231; x_wconf 88' lang='lat' dir='ltr'>alibi</span> 
     </span>
     <span class='ocr_line' id='line_1_25' title="bbox 103 4284 1368 4360; baseline 0 -17"><span class='ocrx_word' id='word_1_196' title='bbox 103 4287 104 4296; x_wconf 78' lang='grc'>’</span> <span class='ocrx_word' id='word_1_197' title='bbox 224 4285 364 4345; x_wconf 90' lang='lat' dir='ltr'>occurrit</span> <span class='ocrx_word' id='word_1_198' title='bbox 386 4287 515 4359; x_wconf 87' lang='lat' dir='ltr'>praeter</span> <span class='ocrx_word' id='word_1_199' title='bbox 538 4286 594 4360; x_wconf 85' lang='lat' dir='ltr'>Eq.</span> <span class='ocrx_word' id='word_1_200' title='bbox 620 4287 684 4346; x_wconf 83' lang='grc'>625</span> <span class='ocrx_word' id='word_1_201' title='bbox 710 4289 744 4346; x_wconf 85' lang='lat' dir='ltr'>et</span> <span class='ocrx_word' id='word_1_202' title='bbox 767 4285 853 4359; x_wconf 89' lang='lat' dir='ltr'>apud</span> <span class='ocrx_word' id='word_1_203' title='bbox 876 4285 1107 4345; x_wconf 81' lang='lat' dir='ltr'>Pherecratem</span> <span class='ocrx_word' id='word_1_204' title='bbox 1131 4285 1163 4343; x_wconf 91' lang='lat' dir='ltr'>II</span> <span class='ocrx_word' id='word_1_205' title='bbox 1187 4286 1248 4344; x_wconf 90' lang='grc'>321</span> <span class='ocrx_word' id='word_1_206' title='bbox 1275 4284 1368 4345; x_wconf 87' lang='lat' dir='ltr'>Mein.</span> 
     </span>
    </p>
   </div>
   <div class='ocr_carea' id='block_1_10' title="bbox 224 4510 1447 5156">
    <p class='ocr_par' dir='ltr' id='par_1_11' title="bbox 224 4510 1447 4703">
     <span class='ocr_line' id='line_1_26' title="bbox 224 4510 1447 4587; baseline 0 -18"><span class='ocrx_word' id='word_1_207' title='bbox 224 4512 279 4571; x_wconf 81' lang='lat' dir='ltr'>Vs.</span> <span class='ocrx_word' id='word_1_208' title='bbox 304 4511 369 4575; x_wconf 78' lang='lat'>358</span> <span class='ocrx_word' id='word_1_209' title='bbox 393 4526 441 4585; x_wconf 83' lang='lat' dir='ltr'>sq.</span> <span class='ocrx_word' id='word_1_210' title='bbox 474 4513 522 4573; x_wconf 83' lang='lat' dir='ltr'>sic</span> <span class='ocrx_word' id='word_1_211' title='bbox 552 4512 709 4573; x_wconf 85' lang='lat' dir='ltr'>audacter</span> <span class='ocrx_word' id='word_1_212' title='bbox 747 4510 919 4570; x_wconf 84' lang='lat' dir='ltr'>constituit</span> <span class='ocrx_word' id='word_1_213' title='bbox 949 4510 1055 4570; x_wconf 89' lang='lat' dir='ltr'>editor</span> <span class='ocrx_word' id='word_1_214' title='bbox 1084 4510 1235 4587; x_wconf 82' lang='lat' dir='ltr'>expletos</span> <span class='ocrx_word' id='word_1_215' title='bbox 1264 4510 1304 4571; x_wconf 88' lang='lat' dir='ltr'>de</span> <span class='ocrx_word' id='word_1_216' title='bbox 1327 4510 1447 4569; x_wconf 89' lang='lat' dir='ltr'>coniec-</span> 
     </span>
     <span class='ocr_line' id='line_1_27' title="bbox 224 4627 841 4703; baseline 0.003 -19"><span class='ocrx_word' id='word_1_217' title='bbox 224 4627 298 4686; x_wconf 91' lang='lat' dir='ltr'>tura</span> <span class='ocrx_word' id='word_1_218' title='bbox 320 4641 395 4687; x_wconf 85' lang='lat' dir='ltr'>eua:</span> <span class='ocrx_word' id='word_1_219' title='bbox 838 4698 841 4703; x_wconf 34' lang='grc'><strong>,</strong></span> 
     </span>
    </p>

    <p class='ocr_par' dir='ltr' id='par_1_12' title="bbox 489 4734 1198 4817">
     <span class='ocr_line' id='line_1_28' title="bbox 489 4734 1198 4817; baseline 0 -21"><span class='ocrx_word' id='word_1_220' title='bbox 489 4736 562 4817; x_wconf 78' lang='grc' dir='ltr'><em>ἀτὰρ</em></span> <span class='ocrx_word' id='word_1_221' title='bbox 584 4737 614 4797; x_wconf 76' lang='grc' dir='ltr'>τί</span> <span class='ocrx_word' id='word_1_222' title='bbox 635 4737 750 4817; x_wconf 64' lang='lat' dir='ltr'>doricam</span> <span class='ocrx_word' id='word_1_223' title='bbox 772 4736 824 4797; x_wconf 76' lang='grc' dir='ltr'>καὶ</span> <span class='ocrx_word' id='word_1_224' title='bbox 846 4734 902 4817; x_wconf 76' lang='grc' dir='ltr'>γὰρ</span> <span class='ocrx_word' id='word_1_225' title='bbox 927 4735 999 4798; x_wconf 80' lang='grc' dir='ltr'><em>οὐδε</em></span> <span class='ocrx_word' id='word_1_226' title='bbox 1024 4735 1138 4797; x_wconf 77' lang='grc' dir='ltr'><em>τοῦτό</em></span> <span class='ocrx_word' id='word_1_227' title='bbox 1162 4758 1198 4813; x_wconf 84' lang='grc' dir='ltr'>με</span> 
     </span>
    </p>

    <p class='ocr_par' dir='ltr' id='par_1_13' title="bbox 489 4846 1297 4934">
     <span class='ocr_line' id='line_1_29' title="bbox 489 4846 1297 4934; baseline -0.005 -23"><span class='ocrx_word' id='word_1_228' title='bbox 489 4850 585 4927; x_wconf 78' lang='grc' dir='ltr'><em>μόνον</em></span> <span class='ocrx_word' id='word_1_229' title='bbox 608 4849 641 4911; x_wconf 82' lang='grc' dir='ltr'>τὸ</span> <span class='ocrx_word' id='word_1_230' title='bbox 664 4854 782 4911; x_wconf 76' lang='grc' dir='ltr'><em>λυποῦν</em></span> <span class='ocrx_word' id='word_1_231' title='bbox 805 4848 897 4929; x_wconf 75' lang='grc' dir='ltr'><strong><em>ἐστιν,</em></strong></span> <span class='ocrx_word' id='word_1_232' title='bbox 924 4848 1027 4911; x_wconf 79' lang='grc' dir='ltr'><em>(ὅθεν</em></span> <span class='ocrx_word' id='word_1_233' title='bbox 1050 4846 1105 4922; x_wconf 78' lang='grc' dir='ltr'>ἕξω</span> <span class='ocrx_word' id='word_1_234' title='bbox 1124 4853 1245 4929; x_wconf 55' lang='lat' dir='ltr'>propriu</span> <span class='ocrx_word' id='word_1_235' title='bbox 1295 4930 1297 4934; x_wconf 67' lang='lat'>,</span> 
     </span>
    </p>

    <p class='ocr_par' dir='ltr' id='par_1_14' title="bbox 489 4958 1239 5043">
     <span class='ocr_line' id='line_1_30' title="bbox 489 4958 1239 5043; baseline -0.005 -20"><span class='ocrx_word' id='word_1_236' title='bbox 489 4963 546 5024; x_wconf 81' lang='grc' dir='ltr'>οὐκ</span> <span class='ocrx_word' id='word_1_237' title='bbox 569 4961 715 5043; x_wconf 74' lang='grc' dir='ltr'><em>ἀργυρίου</em></span> <span class='ocrx_word' id='word_1_238' title='bbox 739 4962 928 5043; x_wconf 56' lang='lat' dir='ltr'>nuptiator&gt;</span> <span class='ocrx_word' id='word_1_239' title='bbox 956 4958 1016 5023; x_wconf 79' lang='grc' dir='ltr'><em>ἀλλ’</em></span> <span class='ocrx_word' id='word_1_240' title='bbox 1042 4961 1114 5022; x_wconf 82' lang='grc' dir='ltr'><strong><em>ὅταν</em></strong></span> <span class='ocrx_word' id='word_1_241' title='bbox 1137 4960 1239 5040; x_wconf 79' lang='grc' dir='ltr'><em>φάγω,</em></span> 
     </span>
    </p>

    <p class='ocr_par' dir='ltr' id='par_1_15' title="bbox 490 5072 1171 5156">
     <span class='ocr_line' id='line_1_31' title="bbox 490 5072 1171 5156; baseline -0.007 -19"><span class='ocrx_word' id='word_1_242' title='bbox 490 5075 560 5138; x_wconf 79' lang='grc' dir='ltr'><em>ὅποι</em></span> <span class='ocrx_word' id='word_1_243' title='bbox 582 5075 732 5156; x_wconf 80' lang='grc' dir='ltr'><em>βαδιεῖταί</em></span> <span class='ocrx_word' id='word_1_244' title='bbox 752 5098 802 5154; x_wconf 86' lang='grc' dir='ltr'>μοι</span> <span class='ocrx_word' id='word_1_245' title='bbox 825 5075 858 5136; x_wconf 83' lang='grc' dir='ltr'>τὸ</span> <span class='ocrx_word' id='word_1_246' title='bbox 880 5075 986 5137; x_wconf 77' lang='grc' dir='ltr'><em>λοιπὸν</em></span> <span class='ocrx_word' id='word_1_247' title='bbox 1008 5072 1028 5152; x_wconf 77' lang='grc' dir='ltr'><em>ἡ</em></span> <span class='ocrx_word' id='word_1_248' title='bbox 1051 5075 1171 5154; x_wconf 77' lang='grc' dir='ltr'><em>κόπρος.</em></span> 
     </span>
    </p>
   </div>
   <div class='ocr_carea' id='block_1_11' title="bbox 0 0 1938 6450">
    <p class='ocr_par' dir='ltr' id='par_1_16' title="bbox 0 0 1938 6450">
     <span class='ocr_line' id='line_1_32' title="bbox 0 0 1938 6450; baseline 0 0"><span class='ocrx_word' id='word_1_249' title='bbox 0 0 1938 6450; x_wconf 95' lang='lat' dir='ltr'> </span> 
     </span>
    </p>
   </div>
  </div>
 </body>
</html>
