3867 6450
1101 992 1140 1051 18

503 1183 599 1257 giris,
620 1182 678 1242 sed
697 1182 799 1243 etiam
817 1181 967 1243 oratione
986 1179 1145 1255 pedestri,
1166 1181 1204 1239 ut
1222 1177 1306 1238 Plat.
1326 1178 1439 1253 Symp.
1457 1194 1487 1253 p.
1502 1179 1567 1239 218
1579 1177 1614 1253 Ο,
1628 1179 1724 1253 Legg.

503 1296 548 1356 IV
571 1311 601 1370 p.
626 1296 691 1357 863
715 1298 749 1356 et
768 1310 787 1355 a
806 1293 1043 1355 recentioribus
1061 1292 1188 1353 multis.
1207 1292 1282 1367 Ipse
1301 1290 1399 1352 Cleon
1420 1291 1506 1352 infra
1518 1307 1568 1351 vs.
1582 1294 1647 1352 768
1668 1293 1726 1351 boc

502 1424 603 1470 sensu
635 1407 769 1479 ποικίλος
799 1409 920 1469 dicitur
949 1409 983 1468 et
1013 1406 1087 1467 adv.
1118 1404 1259 1475 ποικίλως
1290 1410 1469 1479 usurpatur
1497 1420 1547 1465 vs.
1572 1406 1648 1466 459.
1680 1404 1724 1465 ci.

503 1523 604 1582 etiam
626 1521 845 1599 τιοινιλόμητις,
867 1518 1106 1599 νιοιιιιλόβοολος.
1130 1519 1254 1594 Nempe
1277 1518 1504 1593 corrigendum
1527 1520 1693 1593 suspicor:

1212 1629 1343 1710 ἐξηπάτα

769 1747 1069 1825 ποικιλματλοις
1092 1744 1210 1825 ἄκροισι
1232 1744 1288 1806 nef.

545 1864 674 1923 Dudum
699 1864 751 1923 his
773 1863 906 1936 scriptis
928 1861 1158 1922 animadverto
1179 1861 1334 1921 similiter
1354 1860 1546 1935 Berglerum
1571 1861 1604 1921 in
1627 1861 1725 1921 Thes·

502 1978 831 2051 mopboriazusurum
863 1975 884 2036 l.
911 1976 932 2036 l.
964 1975 1173 2050 proposuisse
1206 1973 1442 2051 ποινίλλεις,
1479 1974 1563 2046 quod
1597 1975 1626 2033 si
1661 1989 1724 2034 non

501 2093 589 2151 recte
606 2090 758 2166 coniecit,
784 2092 872 2150 certe
891 2104 955 2151 non
980 2087 1231 2164 improbandum
1256 2102 1331 2148 oum
1344 2088 1551 2164 Leeuwenio,
1576 2083 1662 2162 q'uod
1676 2091 1725 2149 ‘sit

500 2205 638 2266 verbum
670 2220 689 2266 a
720 2206 863 2266 dictione
894 2205 1021 2265 comica
1052 2203 1212 2278 alienum,
1244 2202 1301 2262 sed
1331 2202 1372 2263 de
1405 2201 1462 2263 illo
1490 2202 1622 2276 quidem
1654 2202 1725 2263 loco

501 2332 566 2378 non
591 2316 695 2378 habeo
718 2318 802 2391 quod
827 2318 998 2378 affirmem.

500 2509 556 2568 Vs.
582 2508 634 2567 84.
767 2502 783 2565 ὁ
809 2501 1040 2581 Θεμιοτονλέους
1062 2502 1119 2586 γὰρ
1142 2504 1278 2584 θάναρος
1301 2504 1567 2583 αἱρετώτερος.

544 2620 818 2681 Emendationem
840 2634 952 2681 meam
975 2617 1234 2696 αἱρετώτατος
1257 2619 1381 2694 recepit
1403 2618 1598 2678 vLeeuwen.

502 2812 557 2871 Vs.
583 2812 635 2871 89.
705 2810 776 2871 Vid.
801 2812 919 2871 Mnem.
945 2808 1040 2869 XXX
1063 2825 1093 2883 p.
1119 2809 1161 2868 40
1185 2809 1218 2869 et
1239 2808 1386 2883 Append.
1411 2808 1451 2868 ad
1476 2808 1568 2869 Stud.
1587 2808 1690 2869 Thus.

498 3000 554 3060 VS.
578 3002 630 3061 93.
761 3004 938 3076 πλουτοῦσι,
961 2997 1264 3078 διαπράττουσι,
1286 3005 1410 3056 νικῶσιν
1434 2996 1519 3068 δίκας
1541 2994 1599 3056 κτλ.

543 3114 720 3189 Propterea
754 3114 838 3188 quod
875 3109 1025 3173 verbum·
1048 3110 1250 3191 διαπράττειν,
1282 3111 1507 3188 perficere,
1538 3127 1720 3186 numquam

500 3229 632 3303 ponitur
655 3228 727 3288 sine
750 3227 889 3303 obiecto,
915 3228 993 3288 olim
1018 3227 1108 3286 suasi
1130 3216 1163 3285 εὖ
1186 3226 1357 3300 πράττουσι.

481 3411 556 3479 vVa.
584 3419 657 3478 101.
769 3414 808 3490 ὡς
833 3415 1022 3495 εὐτυχῶς,
1044 3414 1088 3475 ὅτι
1111 3415 1167 3477 οὐκ
1190 3414 1331 3495 ἐλήφθην
1354 3414 1483 3477 ἔνδοθεν

764 3528 897 3590 κλέπτων
919 3529 972 3590 τὸν
996 3523 1090 3590 οἶνον.

544 3645 625 3720 Quia
655 3643 726 3722 ἔχει,
756 3646 840 3719 quod
872 3646 1081 3720 cogitandum
1113 3645 1197 3705 foret
1216 3645 1257 3705 ad
1280 3643 1425 3723 εὐτυχῶς,
1450 3661 1517 3707 non
1542 3649 1593 3706 est
1616 3663 1659 3707 ex
1680 3648 1723 3708 iis

498 3757 679 3833 vocabulis,
712 3774 794 3832 quae
826 3759 955 3833 ellipsin
987 3758 1166 3834 patiuntur,
1194 3758 1323 3832 requiro
1354 3761 1412 3820 aut
1441 3758 1618 3838 εὐτυχές,
1650 3762 1721 3821 scil.

497 3869 590 3947 ἐστιν,
612 3875 670 3932 aut
693 3886 766 3931 cum
792 3871 925 3931 Reiskio
948 3865 1093 3949 ηὐτυχησ’
1119 3868 1200 3941 (εὖτ).

497 4062 553 4121 VS.
582 4063 653 4121 124.
762 4066 860 4144 πολλῷ
883 4056 907 4141 γ’
934 4058 950 4121 ὁ
974 4061 1065 4132 Βάκις
1089 4060 1197 4140 ἐχρῆτο,
1213 4072 1252 4142 τῷ
1279 4062 1460 4140 ,ποτηρίωΡ

543 4175 596 4234 Sic
639 4176 739 4236 edens
773 4177 956 4236 vLeeuwen
992 4176 1228 4250 interpretatur
1261 4191 1362 4236 voce
1398 4172 1598 4253 ,poculo⁷’,
1634 4181 1718 4253 quod

496 4290 610 4347 tamen
645 4303 709 4349 non
740 4291 888 4363 sequitur
920 4304 962 4349 ex
992 4289 1273 4365 antecedentibus,
1306 4290 1360 4349 ubi
1389 4289 1442 4349 bis
1471 4290 1592 4364 iegitur
1616 4288 1719 4370 ἑτέρον

497 4397 612 4478 ἔγχεον,
647 4415 729 4474 quae
758 4402 867 4476 potius
897 4403 1011 4463 favent
1046 4403 1310 4477 interpretationi
1343 4403 1469 4462 bibax
1502 4418 1602 4465 sane
1636 4404 1720 4467 fuit

496 4514 634 4589 Baete,
660 4517 698 4574 ut
721 4515 877 4574 innuatur
901 4516 983 4575 ebrii
1007 4517 1234 4604 deliramenta
1249 4532 1321 4576 esse
1345 4518 1416 4576 eius
1439 4518 1581 4578 oracula.
1601 4519 1719 4581 Viden-

496 4627 574 4687 dum
594 4627 694 4702 igitur
713 4643 793 4687 num
813 4629 861 4687 ita
878 4632 966 4689 recte
986 4630 1049 4689 dici
1068 4630 1211 4704 potuerit
1227 4646 1286 4704 pro
1297 4634 1417 4702 πολλοῖς
1429 4664 1469 4674 -
1482 4635 1544 4702 τοῖς
1555 4637 1719 4711 ποτηρίοις.

496 4805 552 4866 Vs.
580 4807 653 4866 143.
762 4801 991 4882 ἀλλαντοπώλης
1014 4800 1076 4865 ἐσθ’
1102 4802 1118 4865 ὁ
1141 4815 1247 4867 τοῦτον
1271 4805 1419 4880 ἐξελῶν.

542 4919 594 4978 Sic
625 4920 715 4979 solus
746 4919 791 4992 R;
817 4919 1019 4992 reliquorum
1043 4920 1140 4980 lectio
1164 4917 1307 4992 ἐξολῶν
1332 4937 1388 4983 cur
1411 4925 1557 4997 praestet
1580 4926 1721 4997 exposui

496 5029 587 5092 Stud.
612 5021 690 5091 Orit'.
714 5047 745 5105 p.
772 5031 814 5090 50
838 5033 871 5091 et
895 5031 1008 5092 Herm.
1032 5031 1141 5091 XXIV
1164 5048 1194 5106 p.
1220 5034 1295 5094 607.
1320 5033 1455 5109 Recepit
1476 5033 1671 5095 vLeeuwen.
