3867 6450
1061 1025 1103 1084 94

471 1213 528 1273 VS.
551 1214 627 1274 655.
718 1213 814 1273 Ianit.
839 1208 853 1272 ί
860 1208 923 1271 πεί
947 1221 1092 1294 προτιμᾳς
1111 1205 1135 1289 γ’
1157 1207 1265 1282 aloem
1286 1205 1405 1274 Bacch.
1430 1206 1521 1271 οὐδέν
1540 1230 1593 1286 μοι
1613 1204 1706 1286 μέλει.

516 1326 621 1387 Dubia
661 1341 727 1386 non
765 1324 897 1386 videtur
930 1326 1120 1400 corruptela
1156 1324 1348 1385 vocularum
1380 1321 1445 1383 ἐπεί
1468 1357 1507 1368 -
1531 1317 1554 1403 γ’
1589 1321 1705 1394 (ἔπειτα

382 1508 385 1512 Δ
471 1442 523 1501 est
544 1440 578 1500 in
602 1438 797 1513 quibusdam
819 1438 912 1499 libris
934 1440 969 1498 ei
991 1431 1015 1517 μ’
1037 1437 1131 1498 abest
1151 1453 1171 1498 e
1188 1437 1377 1507 nonnullis).
1398 1437 1548 1513 Languei
1565 1435 1707 1511 Bergkii

471 1554 661 1615 coniectura
689 1546 744 1612 εἴπ’
776 1550 816 1627 εἰ,
845 1565 951 1626 neque
979 1551 1013 1610 in
1043 1550 1286 1611 Leeuwenisna
1314 1542 1374 1609 εἶτ’
1409 1548 1452 1610 οὐ
1475 1550 1591 1636 ΙοΙοοοι
1613 1549 1705 1626 prior

472 1666 598 1728 vocula.
623 1666 737 1727 Potius
760 1663 972 1726 coniecerim:

739 1774 847 1837 ἐτεὸν
877 1787 1023 1859 προτιμᾷς
1054 1773 1160 1848 olom

471 1896 510 1954 ul
539 1907 635 1967 aegre
666 1891 836 1952 credentes
865 1890 975 1952 solent
1004 1891 1216 1965 interrogare.
1249 1889 1378 1950 Passim
1408 1890 1455 1950 ita
1491 1892 1618 1950 noster.
1655 1887 1703 1948 Gi.

472 2004 661 2067 Ooravellse
684 2004 795 2065 index.
819 2003 991 2065 Facillime
1014 2006 1125 2064 autem
1151 1997 1214 2084 ivel
1240 2003 1274 2063 ot
1295 1999 1358 2061 ἐπεὶ
1381 2002 1642 2063 contunduntur.

472 2184 529 2244 Vn.
554 2185 630 2245 667.
698 2182 823 2244 Ianitor
845 2177 883 2242 οὔ
905 2203 951 2241 τοι
974 2179 1015 2260 μὰ
1038 2179 1093 2260 τὴν
1117 2180 1262 2260 Δήμητρα
1286 2179 1422 2259 δύναμαί
1443 2201 1496 2241 πιο
1520 2184 1637 2258 μαθεῖν

849 2291 992 2374 ὁπότερος
1015 2291 1100 2373 ὑμῶν
1124 2291 1183 2354 ἐστι
1206 2292 1294 2370 θείς,
1315 2287 1375 2352 ἀλλ’
1402 2291 1520 2353 εἴσιτον·

849 2403 865 2468 6
889 2407 1035 2486 δεσπότης
1057 2406 1113 2487 γὰρ
1138 2405 1258 2479 αὐτὸς
1281 2404 1360 2485 ὑμᾶς
1382 2406 1529 2488 γνώσεται

849 2517 886 2599 χή
913 2516 1109 2599 (bepoleni,
1131 2515 1171 2580 ἅτ’
1198 2518 1265 2582 ὄντε
1287 2518 1416 2581 κάκείνω
1439 2519 1511 2582 θεώ.

519 2636 595 2696 Sine
625 2649 726 2695 causa
754 2635 872 2696 idonea
903 2636 1007 2697 editor
1033 2635 1197 2710 recepisse
1229 2635 1359 2695 videtur
1387 2634 1554 2709 Blaydesii
1577 2634 1708 2712 coniec-

473 2752 584 2810 turam
617 2741 708 2825 αὐτίχ’
744 2763 802 2823 pro
837 2746 942 2824 αὐτός,
976 2749 1066 2823 ipse
1101 2749 1266 2826 Plutus,
1302 2763 1400 2823 quem
1434 2748 1498 2808 sibi
1532 2748 1597 2824 ipsi
1628 2745 1703 2807 Orci

473 2863 593 2923 ianitor
624 2861 767 2938 opponit.
800 2861 863 2922 Sed
893 2860 990 2922 valde
1019 2863 1101 2922 mihi
1131 2865 1288 2938 suspecte
1317 2865 1369 2924 est
1395 2863 1512 2923 vocula
1533 2882 1603 2938 ποι,
1625 2860 1703 2934 quie

473 2977 594 3037 ianitor
627 2990 692 3036 non
726 2976 857 3050 poterat
890 2991 1024 3051 sperare
1058 2991 1095 3036 se
1125 2980 1241 3051 postea
1271 2976 1340 3036 fore
1370 2975 1562 3037 feliciorem.
1598 2973 1701 3035 (lorri-

473 3088 616 3164 gendum
651 3088 782 3149 videtur
812 3083 887 3169 ’μώ,
923 3091 961 3149 ut
992 3090 1098 3158 acrior
1128 3088 1187 3150 fiat
1217 3090 1388 3165 oppositio.
1420 3089 1490 3150 Hoc
1519 3089 1588 3149 ism
1620 3087 1699 3148 olim

473 3201 565 3262 suasi
587 3202 621 3262 in
644 3202 791 3278 Append.
816 3202 857 3264 ad
881 3202 971 3264 Stud.
996 3203 1065 3264 crit.
1090 3218 1122 3279 p.
1146 3205 1198 3264 36.

473 3380 529 3439 Vs.
553 3381 629 3441 671.
699 3380 760 3441 Pro
796 3377 988 3458 Φερρέφαττα
1017 3385 1193 3457 reponatur
1226 3383 1334 3443 forme
1364 3382 1467 3443 attica
1499 3378 1701 3459 Φερρέφαττα.

474 3490 521 3553 Ol.
541 3493 949 3568 Meisterhans-scnwyzer
972 3511 1003 3570 p.
1031 3496 1108 3573 100,
1132 3492 1164 3559 3.

474 3652 530 3715 Vs.
555 3656 630 3715 680.
740 3653 841 3716 δεινὸν
865 3654 1054 3736 ἐπιβρέμεται

742 3770 859 3853 Θρηκία
882 3769 1006 3849 χελιδὼν

741 3880 803 3942 ἐπὶ
833 3883 1037 3968 βάρβαρον
1067 3881 1191 3963 ἑζομένη
1215 3882 1353 3946 πέταλον.

518 3996 557 4055 ln
579 3995 710 4070 Bergkii
733 3996 921 4057 coniectura
942 4001 1075 4073 recepta
1098 4014 1118 4059 e
1145 3999 1361 4059 Leeuwenio:

740 4106 1027 4189 ὑποβοίρβοιρον
1058 4108 1181 4189 ἑζομένη
1206 4109 1392 4191 ζκίλαδον.

473 4226 635 4296 quantum
679 4222 788 4299 placet
828 4224 912 4284 mihi
952 4221 1095 4299 silanion,
1133 4228 1265 4285 tantum
1300 4225 1451 4300 displicet
1481 4221 1698 4303 ὑποβάρβαρον

474 4339 605 4409 propter
635 4336 733 4395 huius
765 4338 940 4412 compositi
966 4337 1106 4415 μείωσιν,
1128 4339 1184 4398 ubi
1206 4340 1317 4413 potius
1339 4338 1422 4398 πάνυ
1446 4340 1505 4399 eut
1527 4337 1605 4414 μάλα
1629 4334 1699 4413 βάρ-

473 4447 569 4525 βαρον
602 4451 808 4523 expectetur.
849 4484 889 4494 -
926 4452 1079 4513 Ceterum
1121 4468 1197 4513 oum
1234 4452 1380 4527 vulgatis
1415 4452 1455 4513 cf.
1490 4447 1698 4526 Alciphronis

474 4578 523 4637 ep.
556 4562 600 4622 IV
634 4565 650 4623 1
679 4566 697 4636 6
729 4565 833 4634 9(ο(1.
860 4567 1021 4642 Sohepers
1044 4583 1093 4644 sp.
1118 4568 1254 4638 Teubn.)
1278 4564 1409 4646 ἐαρινοῖς
1433 4565 1698 4643 ἐφιζάνοοοαι

474 4675 659 4748 πετάλοις
693 4672 752 4753 ἡδὺ
787 4676 838 4737 καί
872 4680 997 4740 κωτίλον
1033 4680 1160 4760 ἀηδόνες
1196 4680 1387 4760 ἐψιθύριζον.
1424 4682 1529 4757 Quare
1560 4682 1697 4742 fortasse

474 4804 613 4850 manum
638 4790 802 4851 abstinere
825 4794 877 4852 est
899 4794 1016 4854 salius.

475 4952 530 5013 Vs.
556 4954 631 5013 691.
701 4953 814 5015 Herm.
847 4950 868 5016 l.
888 4956 910 5017 l.
941 4972 972 5031 p.
1004 4956 1068 5017 626
1101 4973 1149 5032 sq.
1174 4961 1207 5021 et
1231 4959 1340 5020 linem
1365 4958 1475 5020 XXIV
1496 4977 1527 5035 p.
1552 4960 1617 5019 284
1642 4968 1697 5033 pro

473 5062 588 5126 ἐκθεῖσι
611 5069 765 5143 proposui
788 5065 905 5146 ἐκδῦσα,
928 5070 1015 5144 quod
1039 5074 1162 5147 recepit
1185 5073 1381 5135 vLeeuwen.
