3867 6450
1074 1079 1113 1137 14

479 1256 535 1318 Vs,
563 1260 658 1321 1122,
744 1261 836 1322 Lam.
861 1259 931 1332 τοὺς
954 1261 1146 1341 κιλλίβαντας
1169 1254 1244 1335 οἶσε,
1266 1266 1337 1339 καῖ,
1359 1269 1410 1338 τῆς
1434 1258 1570 1333 ἀσπίδος.

745 1374 814 1436 Dic.
838 1372 902 1434 καί
926 1382 992 1453 τῆς
1016 1373 1110 1453 ἐμῆς
1133 1374 1204 1447 τοὺς
1226 1375 1402 1455 κριβανίτας
1425 1372 1540 1454 ἔκφερε.

524 1486 655 1547 Mirifice
675 1487 863 1549 Leeuwenii
886 1489 1076 1551 coniectura
1098 1486 1137 1549 ίιι
1160 1496 1227 1567 τῆς
1250 1487 1415 1566 σικύης,
1437 1488 1607 1564 conspirat
1626 1502 1707 1548 cnm

479 1612 519 1658 ea
547 1614 647 1673 quam
677 1604 755 1662 ante
785 1616 891 1663 annos
921 1601 1066 1663 XXXIII
1097 1604 1131 1664 ln
1161 1603 1349 1679 Appendice
1376 1603 1427 1663 ad.
1452 1603 1498 1663 St.
1524 1602 1603 1663 Grit.
1628 1618 1657 1678 p.
1685 1608 1706 1665 4

478 1714 562 1789 ipse,
580 1714 724 1777 refutata
736 1716 916 1778 Hotibiana
935 1722 1019 1795 τταῖ,
1042 1716 1133 1791 τοὺς
1152 1715 1319 1795 ἄμητας,
1337 1718 1492 1794 proposui
1515 1722 1588 1775 τιαῖ
1606 1721 1705 1787 (οοοο

479 1826 527 1886 ita
558 1828 673 1890 malim
705 1835 773 1908 παῖ,
801 1826 857 1908 ’κ),
883 1840 949 1909 τῆς
981 1831 1127 1910 σιπύης
1155 1828 1410 1910 (Ξᾶρτοθήκηςι
1441 1831 1481 1893 cf.
1513 1832 1570 1906 Eq.
1606 1834 1702 1909 1296,

478 1940 564 2003 Plut.
593 1943 680 2021 806),
711 1960 808 2023 quae,
841 1948 870 2007 si
893 1948 971 2021 quid
989 1949 1204 2025 mutandum,
1227 1947 1340 2025 procul
1368 1946 1466 2008 dubio
1488 1946 1705 2022 praeferenda

479 2057 543 2132 est,
575 2059 652 2131 quia
685 2063 842 2135 perpetuo
871 2062 905 2122 in
937 2061 999 2122 hoe
1029 2062 1172 2136 dialogo.
1192 2063 1365 2123 vocativus
1396 2064 1454 2119 ιται·
1477 2060 1511 2120 in
1534 2060 1704 2134 responsis

476 2173 646 2247 repetitur.
667 2174 793 2236 Ibidem
820 2178 934 2238 tamen
960 2177 1117 2237 traditam
1148 2177 1327 2238 lectionem
1354 2177 1438 2237 tueri
1465 2177 1606 2237 conatus
1628 2191 1705 2236 sum

478 2286 528 2348 sic
557 2290 718 2367 scribone,
750 2294 897 2367 repetam
929 2293 1017 2352 eninr
1050 2294 1126 2366 quia
1149 2294 1290 2368 exiguus
1312 2291 1445 2353 libellus
1467 2292 1500 2351 in
1525 2306 1705 2366 paucomm

479 2403 532 2461 est
560 2402 732 2463 manibus:

525 2517 624 2591 ,Mihi
644 2532 735 2594 vero,
757 2521 792 2579 ut
813 2520 949 2580 candide
967 2520 1083 2596 fatear,
1104 2520 1144 2581 de
1162 2520 1262 2580 huius
1280 2519 1344 2580 loci
1363 2518 1550 2593 corruptela
1564 2518 1705 2578 minime

480 2636 645 2710 ,constat
682 2635 760 2695 licet
796 2635 980 2711 improbem
1022 2635 1224 2696 scholiastae
1264 2633 1584 2709 interpretationem.
1621 2632 1705 2693 Nam

480 2762 604 2821 ,neque
646 2762 817 2809 assumere
851 2747 930 2809 licet
967 2764 985 2809 e
1020 2750 1179 2809 contextu
1212 2745 1353 2827 γαστρός,
1386 2761 1492 2821 neque
1526 2761 1630 2821 panes
1662 2745 1704 2805 ab

480 2860 719 2937 „Aristophane
750 2877 826 2922 cum
858 2862 972 2937 clipeis
1002 2846 1193 2937 comparari
1218 2861 1365 2936 potuisse
1393 2861 1611 2922 manifestum
1642 2861 1706 2919 est.

480 2974 594 3049 ,Iubet
623 2976 844 3050 grammatica
875 2978 988 3037 mente
1018 2976 1169 3051 suppleri
1190 2972 1241 3034 καί
1263 2981 1315 3052 τῆς
1339 2972 1410 3052 ἐμῆς
1433 2972 1598 3050 (ἀσπίδας),
1621 2989 1706 3047 qnae

479 3089 600 3165 ,verba
637 3105 739 3151 sensu
774 3104 878 3151 vacua
916 3091 1011 3165 sunt,
1047 3090 1112 3150 nisi
1150 3088 1235 3149 iorte
1269 3088 1475 3166 Dicaeopolis
1509 3091 1705 3149 ventrem

480 3219 595 3279 ,suam
631 3205 811 3280 clipeum
848 3204 991 3266 vocavit.
1028 3203 1210 3279 Quonrinue
1240 3206 1354 3267 autem
1387 3203 1450 3265 boc
1480 3203 1596 3266 fecerit
1626 3203 1704 3294 quid

478 3320 661 3395 ,impeditl
691 3319 829 3393 Utrique
857 3321 907 3380 est
927 3314 1122 3397 περιφέρεια,
1152 3319 1283 3393 utrique
1308 3319 1543 3394 prominentia,
1573 3317 1705 3391 utrique

479 3430 634 3510 ,ὀμφαλός
661 3435 791 3505 (umbo
818 3437 852 3496 et
879 3434 1134 3509 umbilicus),
1164 3433 1284 3494 bonam
1309 3434 1392 3508 tegit
1413 3437 1551 3508 uterque
1574 3436 1705 3509 partem

478 3549 642 3624 ,corporis
674 3549 804 3620 [addere
832 3552 1006 3624 potueram
1031 3564 1052 3609 a
1078 3547 1273 3609 thoracis
1296 3549 1514 3609 similitudine
1538 3548 1704 3622 pectori

475 3662 617 3723 Graecos
640 3662 701 3723 hoc
724 3678 843 3723 nomen
869 3662 1051 3733 indidIssel.
1079 3663 1232 3738 ,Poterat
1250 3664 1421 3737 praeterea
1444 3664 1547 3737 actor,
1571 3661 1600 3722 si
1624 3677 1707 3736 opus

478 3776 600 3851 ,esset
637 3778 733 3849 gestu
772 3775 928 3836 adinrare
965 3774 1064 3836 huius
1105 3775 1169 3836 loci
1208 3774 1426 3836 intellectum.
1467 3769 1621 3836 (letarum
1661 3774 1702 3835 ci.

479 3889 553 3966 ,liu
579 3889 641 3948 207
663 3903 711 3962 sq.
736 3891 769 3949 et
795 3889 880 3949 1078
900 3902 959 3964 sq,
981 3904 1022 3949 ne
1046 3889 1129 3950 alias
1152 3888 1238 3964 apud
1261 3892 1414 3950 nostrum
1439 3890 1705 3965 comparationes

478 3987 769 4084 „commemorem
807 4001 930 4063 Deinde
974 4004 1011 4062 ut
1044 4001 1229 4081 ιιλλίβανιις
1268 4004 1347 4062 sunt
1381 4003 1512 4078 clipei
1545 4003 1701 4078 fulcra,

478 4120 545 4196 ,sic
574 4117 744 4197 κριβανίται
775 4118 943 4179 ventrIs
977 4116 1118 4178 fulcra
1147 4116 1236 4178 haud
1267 4133 1347 4178 sane
1378 4117 1509 4192 illepide
1539 4118 1702 4178 dicantur.

477 4234 612 4309 ,Itaque
654 4231 859 4306 Dicaeopolis
900 4231 1025 4292 voluit:
1066 4227 1116 4290 καί
1154 4229 1224 4302 τοὺς
1263 4239 1315 4309 τῆς
1356 4228 1428 4309 ἐμῆς
1463 4227 1590 4303 ἀστιίιλος
1632 4230 1704 4302 τοὺς

478 4346 701 4425 ,κιλλίβαντας,
723 4343 853 4406 τουτέστι
876 4342 949 4416 (ἐκεί
970 4343 1081 4425 γαστήρ
1101 4342 1179 4404 ἔστιν
1199 4340 1217 4422 ἡ
1238 4341 1326 4416 ἀσπίς
1346 4349 1416 4422 μου)
1439 4343 1508 4416 τοὺς
1528 4345 1703 4425 κριβανίτας

477 4459 631 4541 ,ἔκφερι.”
663 4460 744 4521 Ludi
773 4463 885 4522 autem
909 4461 1011 4522 etiam
1036 4461 1069 4521 in
1093 4460 1311 4520 simiIItudine
1333 4474 1491 4521 sonorum
1513 4459 1704 4537 κιλλίβαντας

473 4577 508 4635 et
545 4572 718 4653 κριβανίτας
753 4574 1017 4644 (luculentiorem
1052 4574 1169 4649 etiam,
1205 4574 1234 4634 si
1267 4573 1453 4652 κλιβανίτας,
1483 4589 1565 4648 quae
1595 4573 1705 4634 iorma

474 4689 558 4762 apud
586 4687 772 4762 Amipeiam
801 4691 834 4749 et
857 4687 1026 4763 Diphilum
1049 4687 1199 4763 traditur,
1224 4687 1323 4748 fuerit
1346 4703 1426 4748 vera
1447 4686 1555 4758 lectIo)
1580 4687 1703 4748 ibidem

474 4801 791 4862 animadvertebam.

518 4914 622 4975 Hodie
653 4930 782 4989 quoque
813 4931 878 4976 non
910 4917 1005 4977 video
1035 4917 1111 4990 quid
1143 4917 1219 4976 huic
1246 4916 1459 4992 explicationi
1482 4917 1552 4977 iure
1574 4916 1704 4976 obverti

472 5027 591 5105 possit,
617 5029 728 5102 Itaque
750 5029 852 5090 verba
874 5031 923 5091 sic
947 5031 1133 5106 distinguo:

738 5137 788 5201 καί
813 5137 930 5224 (rrum)
954 5151 1006 5221 τῆς
1030 5140 1116 5223 ἐμῆς,
1139 5143 1209 5216 τοὺς
1233 5145 1421 5224 κριβανίτας,
1443 5141 1556 5223 ἔκφερε.
