3867 6450
863 1010 881 1067 b

261 1195 317 1256 Vs.
343 1196 417 1257 230.
527 1193 602 1254 κούκ
625 1190 728 1268 ἀνήσω
751 1190 823 1270 πρὶν
847 1190 884 1251 οἰν
907 1198 1025 1271 σχοῖνος
1048 1193 1184 1255 αὐτοῖσιν
1207 1191 1386 1276 ἀντεμπαγῶ

526 1304 598 1379 ὀξὺς
622 1302 771 1386 ὀδυνηρὸς
794 1304 1009 1384 ἐπίκωπος,
1031 1306 1081 1367 ἵνα

527 1420 641 1499 μήποτε
663 1428 797 1479 πατῶσιν
820 1416 862 1479 ἔτι
884 1418 936 1493 τὰς
959 1418 1031 1498 ἐμὰς
1054 1418 1213 1499 ἀμπέλους.

267 1588 268 1593 ,
304 1537 377 1598 Vox
411 1534 561 1608 ἐπίκωπος
595 1535 648 1597 hic
684 1532 766 1596 citra
800 1536 963 1597 notiorem
1002 1551 1100 1596 usum
1134 1535 1318 1612 significare
1353 1538 1484 1597 videtur

259 1650 409 1727 capulo
440 1652 581 1726 tenus,
618 1649 806 1710 ioculariter
836 1650 961 1713 dictum
997 1650 1037 1710 de
1069 1650 1178 1726 iunco,
1211 1652 1305 1724 quasi
1335 1652 1374 1711 de
1405 1665 1482 1711 vero

258 1779 359 1825 ense
388 1766 515 1839 agatur.
546 1764 637 1823 Licet
666 1778 831 1837 nusquam
862 1762 940 1823 alibi
970 1764 1181 1824 rarissimum
1213 1763 1408 1825 vocabulum
1434 1765 1484 1825 sic

258 1877 473 1961 adhibeatur„
497 1878 560 1938 hoc
592 1876 749 1937 denotare
782 1891 880 1952 posse
913 1875 999 1936 satis
1026 1874 1222 1937 confirmare
1251 1877 1382 1938 videtur
1411 1878 1483 1953 ipsa

257 1990 462 2065 compositio.
1354 1989 1357 1997 “

257 2218 313 2278 Vs,
339 2219 414 2278 262.
523 2216 561 2277 σὺ
585 2211 626 2293 d’,
649 2208 672 2277 ὧ
694 2216 799 2296 γύναι,
820 2221 883 2276 θεῶ
907 2212 934 2294 μ’
961 2214 1022 2277 ἀπὸ
1045 2225 1098 2278 τοῦ
1121 2213 1233 2297 τέγους·
1255 2216 1364 2298 πρόβα.

301 2332 402 2392 Recte
432 2331 563 2406 quidem
595 2330 780 2391 vheeuwen
811 2330 976 2405 Blaydesii
1008 2332 1217 2392 coniecturae
1246 2324 1330 2391 uiao’
1362 2331 1483 2393 obiecit

256 2446 310 2509 hic
340 2445 447 2507 multo
470 2446 580 2522 aptius
603 2461 676 2507 esse
699 2447 832 2520 tempus
858 2456 1015 2521 praesens
1038 2461 1138 2520 quam
1164 2445 1336 2507 acrisium.
1360 2446 1479 2506 Nihilo·

256 2559 368 2621 minus
397 2560 492 2621 valde
522 2560 604 2620 mihi
640 2563 831 2635 suspectum
868 2561 919 2620 est
949 2574 1131 2635 pronomen
1170 2580 1219 2636 με,
1256 2560 1332 2633 quia
1368 2560 1479 2635 procul

254 2673 353 2735 dubio
394 2674 598 2750 Dicaeopolis
639 2690 777 2736 uxorem
824 2689 921 2735 suam
963 2676 1113 2749 spectare
1147 2673 1237 2733 iubet
1271 2689 1336 2733 non
1370 2673 1479 2733 solnm

254 2790 364 2849 semet
383 2788 506 2865 ipsum,
527 2789 584 2849 sed
603 2790 797 2850 universam
816 2804 984 2866 pompam.
1010 2788 1164 2864 Suspicor
1186 2789 1300 2848 autem
1319 2786 1480 2862 collegam

255 2901 450 2963 Leidensem
481 2896 508 2980 μ’
540 2903 661 2964 habere
691 2919 749 2979 pro
780 2904 860 2963 eliso
890 2924 954 2979 μοι,
980 2904 1017 2962 ut
1038 2903 1083 2962 sit
1104 2902 1237 2963 dativus
1260 2901 1404 2978 ethicus,
1429 2904 1478 2978 at,

254 3017 293 3075 ut
320 3016 453 3091 saeptus
483 3016 561 3076 elibi
592 3014 790 3092 significavi,
817 3016 945 3076 nullam
976 3015 1128 3089 equidem
1157 3013 1255 3075 fidem
1280 3013 1384 3075 habeo
1407 3015 1480 3075 eius
1537 3067 1540 3071 .

254 3128 423 3190 doctrinae
443 3129 684 3205 diphthongum
702 3130 733 3189 ῐῑι
757 3145 777 3190 a
804 3129 943 3191 scenicis
967 3129 1044 3190 elidi
1067 3129 1231 3205 potuisse,
1256 3129 1341 3202 quod
1359 3129 1480 3189 statuit

255 3243 296 3303 ad
326 3244 407 3305 Rau.
434 3245 508 3320 103,
540 3244 595 3304 ubi
619 3244 691 3305 sine
715 3260 815 3305 causa
837 3259 895 3320 pro
918 3239 950 3303 σὲ
973 3239 1006 3303 δὲ
1028 3238 1106 3304 τούπ’
1132 3240 1247 3323 ἀρέσκει
1271 3244 1305 3304 in
1328 3241 1376 3302 coi
1398 3237 1477 3334 ταῦτ’

255 3353 371 3433 ἀρέσκει
412 3357 536 3418 mutari
577 3358 687 3434 iussit,
731 3358 809 3418 licet
850 3359 1079 3419 accusativum
1108 3358 1202 3418 vsetis
1236 3359 1393 3418 tueantur
1426 3357 1479 3417 vel
1534 3403 1537 3408 .

254 3470 469 3547 pedestrium,
494 3473 532 3531 ut
555 3469 755 3545 Thucydidis
779 3472 812 3531 et
833 3471 972 3532 aliorum
995 3470 1072 3546 loci,
1097 3471 1136 3532 de
1155 3470 1274 3545 quibus
1292 3462 1479 3530 conferatur

254 3583 444 3645 Thesaurus
475 3584 538 3645 vol.
571 3585 587 3643 Ι
616 3601 646 3660 p.
678 3585 778 3644 192&
795 3585 917 3659 ¹hleque
940 3586 1136 3660 argumento
1160 3586 1212 3644 est
1235 3581 1315 3661 οἴμοι
1338 3585 1415 3644 ante
1438 3580 1477 3653 ὡς

183 3685 186 3692 ’
253 3697 412 3774 positum,
449 3713 532 3774 quae
566 3699 671 3759 orasis
705 3699 816 3775 potius
850 3713 950 3772 quam
985 3698 1078 3759 elisio
1113 3698 1242 3758 videtur
1276 3698 1314 3757 ut
1347 3696 1477 3776 μοῖχεται

253 3811 316 3872 hv.
340 3807 433 3881 861).
458 3811 546 3888 Quae
570 3828 644 3873 cum
668 3811 716 3872 ita
738 3813 819 3888 sint,
845 3812 985 3873 vidone
1008 3811 1061 3872 hic
1084 3810 1183 3871 scribi
1205 3811 1371 3886 oporteat:

521 3924 558 3985 σὺ
583 3919 623 4003 d',
646 3918 670 3985 d
693 3925 798 4005 γύναι,
820 3929 898 3985 θεῶ
924 3919 985 3984 ’πὸ
1009 3933 1062 3985 τοῦ
1085 3921 1197 4004 τέγους.
1220 3923 1330 4003 πρόβα.
1399 3928 1401 3931 ’

299 4039 406 4101 Minus
430 4040 553 4102 arridet
575 4044 653 4100 θεῶ
680 4035 711 4119 γ’
743 4036 817 4099 ἀπὸ
849 4036 905 4098 uri.

252 4268 310 4334 Vs.
336 4268 410 4328 292.
520 4266 589 4329 Dic.
611 4265 677 4326 ἀντι
698 4262 727 4326 δ’
750 4258 792 4326 ὧν
812 4264 996 4348 ἐσπεισάμην
1013 4265 1069 4326 οὐκ
1088 4260 1201 4342 ὶ’σατ’,
1219 4259 1278 4324 ἀλλ’
1299 4262 1454 4324 ἀκούσατε.

298 4380 363 4441 Sub
393 4375 465 4440 tocr'
492 4381 575 4443 nihil
597 4381 799 4442 reconditius
821 4381 926 4442 latere
950 4381 1082 4441 videtur
1104 4395 1204 4453 quam
1227 4377 1307 4438 ἴστε
1330 4372 1370 4455 μ’,
1392 4378 1477 4452 qnod

251 4494 333 4556 olim
364 4495 507 4569 repperit
536 4493 676 4571 Dobree‚
709 4509 814 4568 neque
845 4509 918 4554 esse
950 4510 1007 4555 cur
1038 4508 1113 4553 cum
1144 4491 1338 4553 heeuwenio
1369 4491 1477 4552 textui

250 4608 435 4669 inferamus
459 4610 568 4684 aptam
594 4609 740 4685 quidem,
765 4608 823 4669 sed
849 4583 1090 4684 violentiorem,
1112 4608 1292 4668 Hamakeri
1314 4607 1474 4666 coniectu-

251 4735 326 4782 ram
354 4715 551 4781 ἀκούσατ’.

290 4974 307 5042 1)
326 4973 479 5030 Permirum
504 4975 588 5042 elium
612 4975 683 5029 foret
705 4976 778 5031 hanc
801 4975 947 5031 elisionem
972 4976 1000 5030 in
1024 4976 1085 5031 solo
1103 4975 1267 5046 pronomine
1284 4997 1323 5036 μοι
1341 4992 1476 5044 apparere

252 5068 283 5128 al
299 5067 365 5127 aute
383 5065 473 5124 solutu
493 5066 606 5124 verbum
624 5072 738 5138 ἀρέσκειν,
755 5085 894 5140 nusquam
913 5068 942 5125 in
961 5076 1005 5129 ool,
1023 5089 1058 5118 τοι
1076 5067 1184 5124 aliisve.
