3867 6450
833 1057 874 1117 25

242 1242 298 1303 Va.
323 1244 400 1303 751.
447 1243 561 1310 ‚stuc
586 1241 665 1304 Orit.
685 1242 775 1319 VIII,
801 1242 874 1304 coll.
895 1243 977 1303 Aeb.
998 1243 1051 1317 48,
1072 1244 1162 1302 recte
1184 1239 1365 1301 coniecisse
1384 1236 1466 1296 mihi

243 1356 358 1416 videor
388 1350 446 1414 ἀλλ’
480 1355 520 1427 εἰς
551 1355 583 1415 τὸ
606 1356 722 1433 πρόσθε
744 1354 813 1434 χρὴ
836 1353 990 1433 ποιμέν’
1014 1354 1056 1425 εἰς
1078 1352 1132 1430 τὴν
1156 1354 1267 1413 Πύκνα
1291 1367 1348 1427 pro
1370 1356 1465 1428 χρῆν

241 1473 400 1545 παρεῖν,
422 1468 530 1530 deleta
553 1470 764 1531 distinctione
788 1472 865 1530 ante
888 1471 970 1530 baec
989 1468 1100 1530 verba.
1122 1502 1162 1512 -
1183 1467 1308 1527 Ibidem
1329 1480 1378 1525 vs.
1400 1464 1463 1524 747

242 1580 408 1641 malebam
432 1572 455 1640 ὦ
479 1582 639 1659 Δημίδιον,
662 1576 721 1641 εἶθ’
747 1598 806 1657 pro
829 1574 852 1641 ὦ
877 1577 965 1659 Δῆμ’,
984 1577 1018 1639 i'v’
1042 1580 1138 1665 εἴδῃς,
1157 1581 1215 1641 sed
1234 1594 1317 1639 sana
1336 1578 1466 1638 videtur

241 1693 388 1768 vulgata.

244 1931 299 1992 Vs.
325 1934 399 1994 755.
507 1933 630 2013 κέχηνεν
653 1934 751 2012 ὥσπερ
775 1934 999 2013 ἐμποδίζων
1030 1935 1205 2013 ἰσχάδας.
1314 1953 1318 1959 ·

287 2049 372 2109 Loco
395 2049 631 2112 obscurissimo
655 2052 837 2113 novissime
859 2053 985 2112 mederi
1008 2054 1145 2112 conatus
1168 2053 1221 2111 est
1243 2048 1368 2109 Verrall
1393 2062 1464 2108 con·

240 2162 368 2222 iciendo
391 2160 609 2239 ἐμπεδίζων
634 2164 815 2243 ἰσχαδᾱς,
838 2166 923 2240 quod
947 2166 977 2225 si
1000 2165 1063 2239 ipsi
1090 2165 1277 2237 credamne,
1302 2158 1466 2234 significet

240 2288 262 2334 a
285 2273 444 2348 Iigbird
468 2279 788 2353 gunt-hunting.
811 2260 986 2353 ingeniose
1001 2293 1095 2354 sane,
1116 2278 1175 2337 sed
1194 2276 1325 2336 cuinam
1342 2288 1464 2348 quaeso

241 2388 293 2445 vir
328 2387 443 2449 doctus
481 2390 691 2464 persuadebit
729 2392 790 2452 hoc
825 2407 889 2458 uno
924 2392 995 2451 loco
1034 2391 1097 2450 duo
1131 2390 1270 2465 periisse
1303 2386 1465 2449 vocabula

239 2501 373 2574 penitus
401 2502 535 2576 ignota?
566 2501 669 2579 Quam
694 2504 921 2566 ariolationem
944 2505 977 2564 ln
1002 2505 1144 2565 Lexicon
1168 2517 1280 2563 meum
1304 2516 1358 2561 me
1381 2514 1466 2560 rece·

239 2613 331 2687 pisse
351 2615 416 2673 iam
437 2616 558 2676 dudum
579 2619 753 2692 poenituIt.
774 2619 850 2678 Loci
869 2618 1177 2692 interpretationem
1198 2617 1304 2676 denuo
1323 2614 1466 2673 temerii

181 2730 185 2739 '
240 2728 281 2785 A.
305 2725 457 2788 Willems
480 2729 525 2789 l.l.
549 2746 579 2804 p.
603 2732 645 2791 46
670 2746 731 2806 sq„
755 2732 794 2791 de
817 2747 881 2805 quo
902 2731 1034 2805 quidem
1057 2730 1243 2790 tentamine
1262 2728 1357 2797 (milri
1377 2726 1463 2785 enim

240 2853 308 2898 non
331 2839 443 2914 quuet)
467 2842 533 2901 alii
547 2844 727 2920 iudicanto,
753 2846 810 2904 sed
834 2846 973 2905 minime
992 2844 1104 2903 dubito
1124 2843 1202 2916 quin
1220 2844 1310 2901 recte
1328 2855 1379 2899 vs.
1400 2839 1463 2899 782

241 2951 342 3012 verba
361 2952 415 3029 τὴν
435 2951 545 3014 ἄκατον
564 2958 773 3034 παραβάλλου,
792 2960 831 3018 de
851 2958 971 3033 qulbus
989 2957 1112 3017 erravit
1123 2956 1322 3030 vLeeuwen‚
1341 2953 1463 3013 ibidem

240 3080 272 3139 p.
298 3065 339 3124 47
365 3081 434 3140 sqq.
460 3070 583 3129 vertat:
612 3069 732 3130 lance
762 3073 782 3131 a
812 3070 912 3131 bord
943 3078 1013 3131 ton
1045 3071 1193 3130 navire
1223 3090 1261 3115 =
1282 3068 1320 3127 le
1342 3066 1462 3141 place

241 3192 314 3252 par
345 3178 382 3240 le
412 3182 583 3242 trevere
614 3184 659 3244 de
690 3184 904 3245 l'ennemi.

239 3404 297 3465 Vs,
322 3406 396 3468 756.
505 3416 563 3468 νῦν
587 3409 636 3469 δεῖ
654 3427 686 3470 σε
709 3410 807 3470 πάντα
831 3410 868 3487 δὴ
891 3411 991 3472 κάλων
1014 3410 1167 3484 ἐξιέναι
1186 3418 1323 3470 σεαυτοῦ.

286 3517 503 3581 Scholiastam
534 3524 725 3601 metricum,
749 3526 804 3600 qui
826 3525 980 3600 loquatur
1003 3528 1042 3586 de
1064 3526 1171 3587 tribus
1194 3524 1345 3585 versibus
1368 3538 1462 3597 asyn-

239 3633 357 3692 artetis
387 3635 595 3711 (755-758),
627 3638 680 3698 hic
710 3639 831 3713 legisse
854 3638 958 3698 ἰέναι
982 3641 1105 3711 conieci
1129 3640 1220 3699 Stud.
1245 3638 1324 3698 crit.
1348 3654 1378 3712 p.
1404 3638 1461 3712 55,

239 3747 273 3805 et
294 3745 328 3804 in
354 3761 401 3808 vs.
426 3751 622 3812 antithetico
646 3753 728 3813 836:

507 3855 529 3921 ὦ
553 3873 644 3922 πᾶσιν
669 3861 846 3943 ἀνθρώποις
869 3865 976 3943 φανεὶς
1000 3866 1138 3927 κοινὸν
1163 3864 1306 3944 ὠφέλημα

238 3970 291 4040 (cf.
323 3972 442 4034 Aesch.
474 3974 583 4037 Prom.
608 3979 694 4054 672),
721 3983 757 4038 ut
780 3982 941 4056 scrIptum
966 3985 1061 4042 extat
1083 3982 1117 4041 in
1142 3982 1251 4042 codice
1273 3995 1359 4040 saec.
1383 3979 1462 4039 XIII

237 4084 475 4164 Ambrosiam,
507 4089 531 4148 Ε
563 4091 605 4152 39
641 4107 712 4166 sup.
736 4088 776 4153 n⁰
799 4096 829 4170 3,
855 4111 952 4169 quem
978 4111 1006 4155 a.
1034 4097 1116 4156 1857
1143 4096 1317 4156 Mediolani
1340 4093 1463 4154 contuli

237 4200 463 4275 suprascripta
492 4203 625 4277 vulgata
655 4227 699 4283 γρ.
734 4205 880 4284 μέγιστον.
916 4208 998 4284 Quia
1028 4212 1141 4270 tamen
1177 4206 1323 4279 ἐξιένοι
1352 4221 1459 4267 neces·

236 4313 364 4372 sarium
384 4315 526 4376 ,videtur
556 4318 630 4379 coll.
661 4319 735 4382 Eur.
765 4322 846 4382 IIed.
872 4323 936 4383 278
964 4328 998 4382 et
1021 4324 1116 4384 Herc.
1141 4325 1217 4398 857,
1241 4339 1301 4383 nec
1325 4322 1462 4382 verbum

237 4425 383 4500 simplex
414 4428 447 4488 in
478 4430 539 4490 hac
568 4432 714 4493 formula
744 4450 885 4509 usquam
916 4436 1048 4512 legitur,
1080 4436 1247 4511 probabile
1278 4440 1330 4496 est
1360 4438 1462 4496 etiarn

237 4538 341 4598 κοινὸν
365 4541 396 4602 b.
421 4541 442 4602 l.
467 4557 508 4603 ex
534 4543 604 4605 loco
629 4547 811 4621 Aeschyleo
834 4550 867 4607 in
888 4549 1037 4623 margine
1061 4551 1263 4626 adscriptum
1284 4566 1321 4610 se
1340 4551 1462 4610 insinu-

238 4667 312 4714 asse
334 4654 369 4713 in
391 4655 532 4717 textum.

238 4877 292 4939 Vs.
317 4880 393 4941 807.
478 4883 523 4945 Oi.
557 4886 676 4948 linem.
708 4888 788 4948 XIX
818 4906 848 4964 p.
881 4891 957 4951 889.
989 4892 1090 4952 Recte
1122 4893 1304 4953 vLeeuwen
1336 4891 1462 4968 ἰχνεύων

237 4993 400 5066 explicare
444 4997 591 5059 videtur:
637 5004 875 5078 ¹‚calculum
914 5007 1275 5086 circumspiciens
1309 5022 1387 5084 quo
1420 5009 1462 5066 te

238 5107 389 5179 petat&
