3867 6450
831 1012 872 1071 39

228 1198 312 1258 dum
334 1200 494 1275 suspicor.
524 1234 563 1243 -
593 1199 681 1275 Quae
700 1194 811 1259 autem
831 1199 865 1257 in
886 1198 1003 1259 scholii
1022 1197 1087 1259 fine
1110 1199 1150 1261 ab
1170 1200 1234 1259 alio
1253 1200 1461 1273 repetuntur:

229 1308 299 1371 ἀντὶ
339 1320 392 1372 τοῦ
431 1312 524 1372 εἰπεῖν
559 1311 670 1391 ξηροὺς
700 1308 808 1389 ἄρτους
841 1310 962 1390 γνώμας
997 1309 1139 1383 καινὰς
1174 1304 1256 1371 εἶπεν
1286 1327 1350 1372 non
1385 1314 1464 1372 sunt

228 1427 354 1487 indicio
386 1426 575 1501 antiquibus
606 1426 639 1485 in
670 1426 781 1486 codice
812 1424 920 1498 aliquo
951 1425 1191 1500 Aristophaneo
1215 1426 1337 1486 lectum
1361 1426 1463 1485 fuisse

228 1539 356 1617 καινάς,
389 1542 445 1601 sed
480 1540 593 1615 procul
628 1539 725 1599 dubio
759 1539 1000 1613 grammaticus
1035 1539 1141 1600 voluit
1173 1538 1275 1614 κενάς,
1309 1539 1392 1612 quod
1422 1539 1462 1599 de

228 1668 292 1714 suo
318 1654 443 1715 addidit
465 1656 599 1729 propter
623 1652 820 1712 antecedens
840 1651 949 1729 ξηροὺς
971 1649 1110 1731 (ἄρτους).
1131 1686 1162 1697 -
1192 1651 1461 1736 TelephusEuri·

229 1768 350 1843 pideus
391 1767 509 1842 agebat
550 1768 730 1840 oratorem,
774 1765 813 1825 de
847 1780 910 1840 quo
944 1781 1044 1827 nemo
1077 1766 1267 1847 miraretur,
1302 1766 1330 1825 si
1365 1766 1463 1839 poeta

229 1882 424 1957 scripsisset
450 1878 572 1959 τρώγειν
595 1876 731 1955 παρέχων
756 1878 963 1939 auditoribus
987 1879 1057 1939 suis
1081 1878 1277 1953 sententias,
1306 1877 1461 1950 quoniam

231 1999 265 2055 et
297 1996 394 2056 nobis
425 1996 459 2054 et
490 1991 634 2065 antiquis
663 1990 943 2051 familiarissimae
967 1993 1046 2052 sunt
1068 2006 1088 2052 a
1112 1991 1192 2051 cibis
1215 1992 1254 2051 ad
1278 1991 1461 2053 orationem

230 2108 377 2168 tralatae
408 2107 585 2181 imagines,
618 2104 709 2164 velut
740 2100 838 2163 ἑστιᾶν
865 2102 964 2183 λόγοις
988 2104 1191 2181 similesque,
1216 2105 1273 2167 sed
1297 2104 1463 2166 obscurior

230 2222 318 2281 mihi
353 2223 484 2295 quidem
518 2222 570 2281 est
596 2220 680 2279 ratio
716 2218 929 2295 metaphorae
964 2219 999 2278 in
1032 2220 1156 2279 tradita
1190 2223 1259 2289 (nec
1295 2222 1459 2295 corrupta,

230 2338 270 2395 ut
302 2334 444 2405 videtur)
475 2334 615 2396 lectione
645 2331 781 2412 τρώγων,
803 2348 886 2405 quae
911 2332 968 2391 vix
998 2334 1360 2407 praemanducans
1391 2337 1461 2401 (noe

231 2449 563 2518 voorlrauwend)
593 2448 703 2523 potest
732 2444 927 2521 significare.
952 2446 1074 2507 Utrum
1099 2451 1195 2523 poeta
1217 2464 1261 2510 se
1292 2448 1460 2509 satians

231 2578 275 2623 an
301 2562 391 2623 aliud
418 2561 620 2622 intellexerit
642 2562 765 2636 ignoro.
791 2560 956 2635 Quaerant
979 2560 1045 2621 alii.

232 2829 291 2891 vs.
318 2830 393 2890 oea.
461 2800 507 2890 ue
531 2828 630 2890 veruo
654 2824 767 2887 sverm
790 2829 830 2889 cf.
855 2828 968 2889 Herm.
992 2829 1101 2889 xxiv
1124 2845 1153 2904 p.
1179 2830 1254 2890 eoo.

233 3079 292 3140 Vs.
319 3082 394 3141 964.
504 3088 623 3159 πρῶτον
653 3075 707 3157 μὲν
737 3078 796 3139 ἔδει
828 3079 938 3153 παιδὸς
968 3079 1077 3159 φωνὴν
1106 3081 1326 3161 γρύξαντος
1356 3079 1456 3160 μηδέν’

1229 3194 1371 3276 ἀκοῦσαι,

502 3303 563 3368 εἶτα
586 3308 718 3388 βαδίζειν
742 3307 774 3368 ἕν
797 3314 894 3368 τοῖσιν
919 3306 1002 3382 ὁδοῖς
1025 3309 1171 3383 εὐτάκτως
1191 3311 1232 3383 εἰς
1254 3313 1437 3390 κιθαριστάς.

280 3425 461 3486 verissime
492 3441 594 3500 nuper
619 3426 654 3486 O.
680 3425 858 3486 Schneider
881 3427 1028 3487 correxit
1056 3429 1284 3507 γρύζοννος,
1313 3426 1460 3492 sednon

234 3539 331 3601 video
362 3554 498 3600 causam
525 3541 693 3615 idoneam,
719 3556 777 3600 cur
800 3556 875 3600 cum
907 3541 1021 3602 eodem
1054 3545 1289 3616 transponatur
1310 3539 1343 3601 ἐν
1365 3547 1461 3602 ταῖσιν

235 3649 319 3725 ὁδοῖς
342 3645 403 3712 εἶτα
427 3651 568 3732 βαδίζειν.

234 3904 293 3964 Vs.
319 3905 384 3964 969
408 3920 457 3978 sq.
526 3905 632 3979 Digna
661 3921 743 3980 quae
771 3906 924 3981 legantur
947 3908 986 3968 de
1010 3909 1128 3969 Suidae
1151 3909 1222 3970 loco
1246 3926 1272 3970 s.
1297 3924 1328 3970 v.
1352 3910 1461 3987 χιάζειν

234 4017 368 4093 scripsit
409 4018 631 4078 Wilamowitz
674 4021 891 4082 Moellendorl’
932 4022 966 4080 in
1005 4021 1148 4083 Hermae
1190 4022 1254 4084 vol.
1297 4040 1325 4084 a.
1364 4025 1460 4101 1902,

235 4148 265 4206 p.
298 4133 374 4192 305.

234 4358 291 4419 VS.
317 4360 393 4420 974.
502 4358 582 4431 ὅπως
607 4365 668 4432 τοῖς
695 4358 809 4433 ἔξωθεν
833 4358 927 4439 μηδὲν
951 4362 1073 4435 δείξειεν
1095 4360 1255 4441 ἀπηνές.

281 4471 344 4533 Gur
374 4472 456 4533 nibil
486 4473 569 4532 mibi
591 4474 745 4549 probetur
775 4490 889 4536 eorum
917 4491 1000 4550 quae
1023 4457 1191 4553 proposita
1214 4482 1293 4539 sunt
1315 4494 1373 4555 pro
1397 4489 1462 4542 cor·

235 4589 332 4662 rupta
362 4603 441 4649 voce
471 4584 583 4664 ἀπηνές
614 4589 699 4647 satis
730 4589 796 4648 iarn
829 4592 968 4666 exposui
998 4591 1117 4652 Mnem.
1150 4593 1171 4652 l.
1191 4593 1213 4653 l.
1234 4610 1275 4668 p.
1301 4594 1353 4669 50,
1381 4594 1463 4652 nibil

235 4703 306 4761 tum
350 4701 420 4777 ipse
462 4703 605 4763 tentans.
650 4703 755 4763 Hodie
790 4705 939 4778 suspicor
974 4701 1068 4783 μηδὲν
1104 4741 1144 4750 -
1181 4704 1320 4784 dunig,
1354 4705 1461 4767 nihil

235 4813 432 4890 insoliti,
458 4815 528 4876 scil.
553 4817 637 4890 quod
662 4832 740 4891 prae
764 4817 887 4891 pudore
910 4818 1065 4880 abscondi
1088 4820 1204 4881 soleat.

234 5064 293 5127 .Vs,
318 5064 393 5125 985.
462 5066 547 5142 Lege
570 5067 755 5143 κατανείφοι.
778 5068 850 5131 Vid.
875 5071 919 5131 ad.
939 5071 1022 5132 Ach.
1049 5073 1121 5134 138.
