3867 6450
844 996 966 1101 ll¹

294 1230 419 1293 Vocula
454 1238 510 1290 νῦν
540 1232 573 1292 vi
604 1247 671 1292 non
704 1234 802 1293 caret.
834 1231 1052 1307 Intellegatur
1086 1247 1211 1309 nunc,
1248 1246 1336 1305 cum
1372 1231 1474 1290 adeo

249 1345 565 1419 intempestive
596 1346 770 1406 locutus
801 1360 900 1406 sum.

247 1570 304 1631 VS.
330 1571 406 1632 834.
515 1571 597 1647 Meg.
622 1563 645 1631 ὦ
668 1570 811 1650 χοιρίδια,
833 1576 980 1650 πειρῆσθε
1003 1569 1089 1643 κδνις
1112 1580 1165 1632 τοῦ
1189 1570 1300 1651 πατρὸς

514 1685 650 1746 παίειν
674 1680 729 1763 ἐφ’
756 1682 818 1747 ἁλὶ
840 1684 895 1745 κὰν
919 1686 1053 1764 μᾶδδαν,
1076 1686 1113 1747 αἴ
1130 1709 1169 1747 κα
1190 1709 1234 1759 τις
1258 1686 1341 1769 διδῷ.

295 1798 507 1860 coniecturae
530 1815 625 1861 meae
647 1799 748 1860 παίειν
768 1797 930 1860 ἐπίπασται
953 1800 1073 1878 μᾶδδαν
1095 1801 1227 1871 (Mnem.
1248 1799 1327 1860 XIX
1345 1816 1375 1875 p.
1397 1800 1474 1869 381)

246 1912 320 1973 iure
351 1912 475 1988 collega
504 1914 674 1974 Leidensis
704 1914 866 1989 obmovit‚
899 1929 975 1975 curn
1004 1929 1087 1990 opus
1109 1914 1215 1975 videri
1239 1912 1379 1974 articulo
1401 1916 1474 1973 tum

248 2025 407 2087 vitiosum
439 2042 512 2087 esse
540 2026 641 2085 παίειν
667 2028 716 2087 sic
742 2026 939 2088 adhibitum.
963 2027 1056 2088 Addo
1079 2028 1276 2088 mutationis
1301 2026 1473 2087 audaciam

248 2143 283 2202 et
312 2142 417 2218 ipsius
451 2142 596 2203 notionis
626 2142 658 2203 h.
688 2142 709 2203 l.
738 2141 1074 2217 improbabilitatem.
1109 2142 1265 2218 Felicius,
1298 2142 1333 2202 ni
1366 2140 1472 2215 fallor,

248 2270 337 2316 nunc
358 2257 468 2316 tento:

515 2368 681 2431 κάπτειν
705 2364 761 2430 ἔθ’
790 2369 952 2441 δι’λκς)
979 2368 1034 2429 τὰν
1058 2370 1188 2447 μᾶδδαν,

247 2482 270 2543 i.
296 2498 323 2543 e.
355 2483 474 2543 vesci
504 2484 633 2544 etiarn
663 2484 758 2557 (quod
791 2484 961 2559 hucusque
993 2500 1058 2545 non
1082 2484 1187 2556 licuit)
1219 2482 1390 2543 affatim
1421 2481 1472 2551 (ad

248 2590 454 2676 satietatem)
493 2596 679 2671 polenta.
719 2597 842 2658 Eodem
881 2598 967 2659 redit
1005 2592 1051 2657 ἕν’
1090 2595 1205 2675 δδην,
1239 2597 1324 2671 quod
1359 2599 1473 2657 tamen

246 2708 361 2768 miuus
383 2709 457 2769 lene
479 2709 564 2770 foret
587 2711 781 2771 remedium.

248 2936 305 2996 Vs
330 2936 404 2997 893.
474 2937 680 2998 Ravennatis
698 2938 874 2999 lectionem
894 2933 1004 3017 ἔκφερ’,
1021 2941 1214 3000 damnatam
1230 2936 1471 3011 eLeeuwenio‚

247 3049 296 3110 sie
320 3050 595 3111 commendabam
619 3053 767 3126 Append.
791 3053 842 3113 ad.
867 3052 953 3113 stud.
976 3052 1047 3113 crit.
1069 3069 1099 3127 p.
1120 3053 1179 3113 28:
1202 3050 1355 3129 ,Εἴσφερε
1373 3050 1472 3125 signi·

252 3160 387 3238 „ficeret
417 3163 480 3224 ser
511 3164 642 3241 intro,
673 3166 731 3227 sed
762 3181 819 3228 cur
848 3166 950 3242 igitur
979 3182 1101 3242 quaeso
1131 3164 1336 3240 Dicaeopolis
1359 3178 1474 3226 servos

251 3277 363 3352 „iubet
392 3281 452 3347 (vs,
484 3278 547 3339 887
579 3284 657 3352 sq.):
689 3276 917 3360 ἐξενέγκατε
948 3279 1003 3355 τὴν
1033 3279 1160 3360 ἐσχάραν
1187 3277 1238 3338 καὶ
1269 3279 1359 3357 δεῦρο
1383 3281 1472 3352 (ergo

251 3387 390 3466 „lorisl
413 3389 463 3451 καὶ
486 3389 540 3469 τὴν
562 3391 691 3472 braida?
714 3391 844 3475 Ἔκφερε
872 3397 923 3457 est
945 3396 1071 3472 effer,
1104 3409 1243 3484 prome
1275 3396 1304 3462 (e
1328 3392 1470 3467 corbi),

250 3507 309 3580 „ut
348 3505 514 3566 facturum
557 3509 590 3569 te
630 3510 728 3570 modo
769 3505 989 3591 significasti).
1030 3511 1167 3572 Dixerat
1207 3510 1295 3570 enim
1329 3510 1473 3569 Boeotus

250 3621 332 3693 „lus
364 3619 457 3691 884J:
490 3617 631 3699 ἔκβαθι
661 3619 741 3682 νιὲ;”
773 3623 861 3698 Quae
892 3623 1052 3698 hodieque
1083 3639 1161 3684 vere
1196 3624 1368 3698 disputata
1390 3622 1473 3681 mibi

245 3733 412 3794 videntur.
426 3767 467 3776 —
480 3733 588 3795 Verba
606 3731 683 3812 μηδὲ
694 3736 774 3813 -εἴην
786 3738 866 3798 citat
882 3738 1059 3812 Procopius
1072 3737 1221 3798 Gazaeus
1233 3751 1282 3811 ep.
1295 3735 1472 3797 LXXXVI.

248 3962 305 4023 Vs.
330 3963 405 4023 903.
470 3965 583 4026 Boeot.
607 3961 708 4041 ἀφύας
732 3961 751 4044 ἢ
776 3964 844 4037 (dl)
868 3962 1010 4045 κέραμον,
1032 3959 1090 4024 ἀλλ’
1116 3958 1171 4025 ἔντ’
1197 3933 1292 4025 lari·

516 4073 576 4138 ἀλλ’
602 4078 619 4139 ὅ
640 4099 667 4138 τι
690 4073 758 4158 παρ’
784 4075 855 4156 ἁμῖν
878 4053 919 4156 μή
944 4079 1037 4155 (call)
1057 4073 1129 4156 ’στι,
1151 4080 1220 4162 τᾷδε
1243 4074 1273 4138 δ’
1300 4069 1339 4139 αὖ
1359 4078 1445 4139 πολύ.

294 4193 443 4253 Atticum
468 4189 532 4252 ἐκεῖ
555 4194 586 4253 in
611 4208 764 4255 sermone
786 4193 940 4254 Boeotico
964 4194 1068 4268 ipsius
1095 4196 1211 4269 postue
1234 4193 1336 4254 errori
1359 4192 1475 4252 tribuit

248 4307 447 4368 vLeeuwen.
478 4307 559 4382 Quia
588 4309 701 4368 tamen
730 4310 862 4382 propter
886 4323 1018 4369 versum
1049 4310 1243 4383 sequentem
1267 4322 1379 4367 carere
1401 4301 1472 4381 pos·

248 4401 369 4481 sumus
382 4410 419 4480 ea
431 4421 562 4497 vocula,
581 4419 651 4482 fleri
662 4423 773 4496 potest
785 4422 821 4481 ut
831 4424 929 4496 poeta
940 4422 1084 4483 dederit:
1105 4416 1165 4480 ἀλλ’
1186 4419 1258 4482 ἐντὶ
1279 4420 1335 4480 δεῖ
1345 4425 1398 4491 (--
1412 4420 1471 4500 δή).

246 4645 304 4706 Vs.
331 4608 407 4707 91¹7.
517 4645 593 4725 αὕτη
616 4644 672 4726 γὰρ
695 4644 871 4724 ἐμπρήσειεν
890 4643 929 4706 ἅν
953 4645 992 4707 νδ
1015 4646 1191 4727 νεώριον.

291 4757 449 4836 Blaydes,
482 4759 642 4834 probante
673 4761 883 4837 Leeuwenio,
915 4761 1054 4834 requirit
1084 4759 1126 4820 τὰ
1155 4761 1306 4841 νεώρια.
1337 4763 1381 4822 At
1405 4761 1471 4821 vul·

246 4873 362 4947 garam
386 4874 499 4934 tuetur
521 4888 570 4934 ve.
596 4875 677 4935 552:

514 4985 547 5046 ιδ
571 4986 696 5066 νεώριον
720 4981 749 5047 δ’
776 4978 815 5047 αδ
839 4984 964 5049 κωπέων
987 4987 1211 5067 πλατουμένων,

242 5101 301 5169 ubi
325 5099 520 5160 collectivus
543 5100 597 5164 hic
620 5099 770 5164 vocabuli
791 5115 872 5162 usus
894 5104 1003 5167 metro
1026 5104 1137 5165 tutum
1161 5106 1222 5166 est.
