3867 6450
1109 1019 1152 1079 20

520 1211 575 1269 Vs,
601 1211 677 1271 383.
786 1198 825 1283 ἦν
847 1204 906 1281 ἄρα
929 1204 1025 1284 πυρός
1048 1198 1078 1262 θ’
1103 1202 1186 1281 ἕτερα
1209 1205 1390 1282 θερμότερα,
1411 1204 1461 1266 καί
1484 1206 1582 1286 λόγων

786 1319 824 1381 ἐν
847 1319 958 1379 πόλει
982 1327 1040 1377 τῶν
1064 1315 1199 1377 ἀναιδῶν
1222 1316 1433 1396 ἀναιδέστερον.

564 1438 647 1500 Male
677 1453 759 1497 sana
788 1450 862 1495 esse
887 1432 986 1493 verba
1016 1430 1048 1490 iv
1074 1431 1172 1503 πόλει,
1194 1447 1278 1506 quae
1301 1434 1401 1493 attice
1425 1434 1508 1494 nihil
1531 1435 1619 1494 aliud
1643 1436 1740 1509 signi·

518 1553 619 1612 licent
642 1566 740 1624 quam
765 1552 804 1609 in
829 1562 940 1621 arce,
966 1546 1121 1605 convenit
1143 1545 1226 1605 mihi
1250 1561 1326 1606 cum
1350 1546 1484 1621 collega.
1508 1546 1658 1607 Conieci:

1340 1656 1390 1717 καὶ
1412 1659 1509 1738 λόγων

785 1764 831 1833 αὖ
856 1772 965 1851 λόγοι
989 1779 1048 1830 τῶν
1072 1768 1207 1830 ἀναιδῶν
1231 1770 1441 1845 ἀναιδέστεροι.

518 1956 574 2029 Eq.
598 1955 674 2015 397.
783 1948 822 2022 ὡς
847 1945 879 2010 δὲ
900 1947 976 2025 πρὸς
999 1956 1060 2007 πᾶν
1083 1944 1271 2007 δναιδεύεεαι
1293 1945 1343 2006 καί
1366 1948 1473 2025 μεθί-

784 2070 973 2141 ornatiori
996 2061 1148 2140 χρώματος
1171 2069 1225 2121 τοῦ
1247 2061 1474 2140 παρεστηκότος.

562 2181 595 2241 Si
626 2188 726 2256 χρῶμα
759 2175 790 2237 τὸ
820 2174 1006 2251 παρεστηκός
1036 2175 1091 2235 hic
1120 2175 1249 2250 proprio
1273 2190 1373 2235 sensu
1396 2176 1520 2237 dictum
1544 2180 1650 2253 esset,
1675 2193 1739 2239 non

516 2292 740 2368 metaphorico
778 2298 829 2365 τῆς
869 2287 1038 2358 ἀναιδείας,
1071 2303 1148 2348 vera
1183 2288 1366 2348 vLeeuwen
1405 2290 1612 2350 coniecturae
1647 2306 1740 2350 meae

516 2405 678 2483 μεθίησι
721 2404 897 2465 obiecisset
931 2402 1070 2462 verbum
1104 2398 1244 2476 μεθιέναι
1278 2404 1393 2477 aptum
1428 2417 1492 2462 non
1527 2417 1611 2463 esse.
1649 2405 1740 2463 Nunc

515 2518 698 2596 perpendas
720 2532 841 2591 quaeso
866 2530 948 2588 quae
972 2514 1090 2588 scripsi
1112 2513 1225 2574 Herm.
1249 2514 1358 2574 XXIV
1381 2531 1411 2590 p.
1437 2517 1512 2576 608.

410 2678 413 2684 ¹
514 2698 569 2758 VS.
595 2698 670 2756 347.
780 2693 809 2753 εἴ
824 2713 883 2753 πον
902 2690 1031 2751 δικίδιον
1051 2683 1134 2762 εἶπας
1147 2682 1180 2751 εὖ
1199 2690 1293 2749 κατὰ
1312 2689 1428 2763 ξένον
1449 2690 1479 2770 (ἢ
1492 2694 1565 2754 add.
1580 2694 1737 2763 Meineke)

1547 2807 1696 2883 μετοίκου.

559 2925 752 2998 Nuperrime
788 2922 827 2981 Μ.
861 2919 1019 2994 Sharpley
1050 2920 1084 2978 in
1114 2918 1218 2979 Closs.
1250 2918 1362 2979 Revue
1385 2935 1414 2980 a.
1442 2922 1542 2995 1905,
1567 2938 1597 2996 p.
1622 2924 1666 2982 58
1689 2938 1737 2995 sq.

513 3039 661 3112 speciose
685 3036 853 3109 proposuit
875 3026 948 3090 κατ’
976 3030 1187 3108 ἀσθενοῦς,
1209 3033 1410 3106 pauperis
1432 3032 1504 3093 scil.
1529 3036 1570 3094 et
1593 3036 1738 3109 gratia

514 3149 714 3210 carentis.
736 3146 782 3208 οί.
807 3147 927 3206 lexica.

515 3329 569 3389 Vs.
594 3328 669 3387 405.
738 3326 810 3385 Vid.
834 3326 954 3385 linem.
977 3323 1033 3384 l.l.
1057 3340 1088 3398 p.
1113 3327 1166 3385 43.

512 3490 567 3549 Vs.
593 3490 668 3549 407.
738 3487 801 3548 Gur
823 3486 1030 3546 Ravennatis
1060 3487 1181 3546 codicis
1203 3487 1300 3546 lectio
1323 3487 1499 3564 πυροπίπην
1523 3489 1738 3563 praeferenda

511 3603 556 3663 sit
587 3602 682 3662 alteri
713 3599 909 3677 πυμμοπίπην
939 3600 1046 3660 lucide
1070 3601 1223 3672 exposuit
1246 3602 1285 3660 A.
1308 3601 1474 3676 Willems‚
1505 3601 1634 3661 Notes
1665 3618 1736 3662 sur

512 3715 575 3774 les
599 3714 760 3787 Guepes
784 3715 825 3773 et
847 3713 910 3772 les
934 3711 1156 3772 Oavaliers
1180 3713 1530 3789 o’nristopnane,
1560 3715 1736 3775 Bruxelles

512 3843 541 3888 a.
577 3829 619 3887 33
655 3842 702 3900 sq.
742 3859 780 3868 -
813 3826 863 3885 Ad
896 3843 943 3886 vs,
975 3826 1041 3885 410
1072 3823 1091 3904 ἢ
1122 3821 1226 3903 μήποτ’
1264 3824 1408 3905 ἀγοραίου
1440 3826 1512 3897 Διὸς
1543 3827 1737 3906 σπλάγχνοισι

511 3938 735 4018 παραγενοίμην
784 3939 871 3999 idem
918 3955 948 4014 p.
992 3940 1033 3998 34
1073 3955 1122 4012 sq.
1162 3938 1370 4013 probabiliter
1416 3940 1604 4015 suspicatur
1640 3941 1737 4001 Jovis

511 4054 663 4114 Forensis
690 4054 902 4112 victimarum
923 4054 1049 4112 viscera
1069 4053 1219 4113 consumi
1238 4053 1337 4112 solita
1355 4069 1429 4113 esse
1447 4055 1481 4113 in
1500 4054 1674 4127 Prytaneo.
1694 4087 1733 4096 —

510 4168 615 4240 Digna
644 4149 770 4239 quoque
794 4169 843 4224 est
868 4181 950 4238 quae
974 4139 1200 4226 consideretur
1223 4165 1370 4226 eiusdem
1395 4167 1570 4240 explicatio
1593 4167 1736 4227 traditae

471 4359 474 4366 ⁴
510 4280 660 4340 lectionis
690 4295 739 4338 vs.
770 4279 834 4338 505
866 4283 907 4353 (p.
939 4280 1092 4353 36-44),
1123 4293 1222 4352 quarn
1254 4280 1288 4339 et
1317 4280 1387 4352 ipse
1418 4279 1487 4348 (sed
1510 4280 1621 4339 minus
1644 4283 1735 4340 recte

508 4394 659 4462 fortasse)
682 4395 821 4453 tutatus
850 4407 925 4452 sum
954 4394 1073 4452 linem.
1104 4392 1125 4452 l.
1144 4393 1165 4453 l.
1190 4392 1368 4452 Willemsii
1390 4393 1419 4453 si
1442 4393 1614 4467 sequimur
1635 4393 1735 4454 inter·

510 4507 745 4582 pretationem,
770 4506 1028 4579 intellegendum
1053 4509 1121 4565 est:
1147 4506 1171 4565 O
1194 4520 1267 4565 vos
1294 4505 1364 4578 qui
1390 4506 1471 4567 iam
1495 4507 1735 4580 omnigena·
1837 4542 1838 4555 τ

509 4637 598 4681 rum
637 4619 837 4680 bonarum
876 4622 1033 4680 artium
1069 4624 1211 4678 vestra
1239 4619 1428 4693 ipsorum
1459 4603 1735 4694 experientia

508 4735 620 4794 estis
651 4734 967 4792 aestimatores.
993 4732 1146 4791 Fortasse
1170 4734 1283 4790 autem
1302 4747 1367 4792 non
1386 4747 1520 4805 prorsus
1543 4733 1660 4793 inutile
1680 4737 1737 4792 est

510 4846 786 4906 animadvertisse
826 4845 1008 4919 licentiam,
1047 4860 1112 4917 qua
1141 4845 1207 4904 iam
1247 4844 1480 4918 Aristophanis
1525 4846 1634 4904 aetate
1669 4845 1736 4904 dici

510 4963 662 5033 coeptum
696 4961 748 5018 esi
779 4953 847 5016 καθ’
885 4957 1011 5028 ἑαυτούς
1045 4973 1103 5032 pro
1133 4951 1203 5016 καθ’
1228 4956 1306 5034 ὑμᾶς
1333 4957 1459 5034 αὐτούς,
1489 4962 1527 5018 ut
1557 4957 1736 5018 confirmat

508 5073 630 5132 Avium
655 5089 702 5132 vs.
728 5073 804 5146 808,
828 5072 883 5132 ubi
906 5069 1032 5143 ἑαυτούς
1054 5073 1198 5146 positum
1224 5075 1275 5133 est
1298 5086 1355 5146 pro
1378 5067 1456 5148 ἡμᾶς
1479 5069 1600 5140 αὐτούς.
