3867 6450
1068 1040 1111 1100 52

476 1226 604 1289 comica
626 1228 881 1304 exaggeratione
903 1226 1074 1303 scripserit
1103 1224 1353 1304 σχιζόμενος,
1375 1229 1471 1302 quasi
1494 1230 1642 1305 stipes
1666 1232 1717 1292 sit

476 1340 640 1403 servulus.

474 1565 531 1625 Vs.
560 1566 655 1627 1307.
723 1565 770 1627 Oi.
795 1565 941 1641 append.
966 1566 1007 1625 ad
1031 1565 1122 1625 stud.
1147 1562 1227 1626 (irit.
1251 1580 1282 1642 p.
1306 1566 1361 1625 22.

475 1790 532 1850 VS.
559 1791 653 1851 1316.
741 1787 874 1870 δγίροον
898 1786 931 1849 δὲ
953 1788 1006 1850 τὸν
1032 1787 1227 1869 Θεόφραστον
1249 1783 1324 1868 ἤρετ’
1340 1805 1348 1821 ·
1367 1787 1432 1850 είπὲ
1453 1812 1519 1868 μοι,

741 1899 789 1962 ἐπί
812 1912 850 1985 τῷ
873 1912 967 1984 κομᾷς
990 1900 1044 1962 acl
1063 1900 1183 1979 ιιομψδς
1206 1895 1284 1963 τίνοι
1306 1907 1479 1981 προσποιεῖ,

739 2014 1061 2098 κωμῳδολοιχῶν
1083 2012 1151 2094 περί
1174 2013 1227 2076 τὸν
1250 2006 1284 2076 εδ
1307 2010 1459 2095 πράττοντ’
1485 2012 1539 2075 ἀεί.
1650 2038 1654 2041 ·

517 2129 583 2189 Vix
613 2133 648 2189 et
674 2144 716 2189 ne
749 2129 804 2189 vix
834 2128 966 2203 quidem
994 2128 1076 2189 haec
1106 2127 1207 2189 verba
1235 2127 1422 2204 significare
1451 2134 1592 2205 possunt
1614 2148 1706 2206 quae

473 2242 628 2303 videntur
639 2242 846 2318 Leeuwenio‚
859 2242 953 2303 cuiue
965 2239 1145 2302 artificiosa
1155 2241 1387 2317 interpretatio
1398 2243 1537 2304 minime
1549 2246 1704 2322 expedit,

356 2390 361 2398 ·
474 2369 538 2429 quo
560 2356 659 2430 pacto
683 2355 713 2414 h.
739 2354 762 2415 l.
786 2354 839 2428 agi
863 2354 968 2429 possit
992 2354 1031 2414 de
1047 2354 1233 2415 comoedis.
1257 2354 1329 2415 Iam
1354 2354 1433 2415 olim
1459 2356 1564 2425 (stud.
1587 2357 1705 2428 Thur.)

472 2467 582 2529 locum
612 2470 804 2542 corruptum
828 2467 931 2528 videri
954 2468 1085 2547 monui,
1109 2466 1167 2527 sed
1190 2467 1367 2528 infeliciter
1389 2469 1570 2531 suadebam
1593 2476 1706 2531 soca

472 2583 625 2658 νολοιχῶν.
663 2580 780 2641 Procul
820 2579 933 2655 dubio,
954 2550 1035 2641 'hoc
1074 2580 1162 2640 enim
1201 2582 1346 2654 arguunt
1379 2583 1552 2655 sequentia
1582 2584 1700 2660 verba,

472 2693 655 2768 antiquitus
687 2693 740 2753 hic
770 2692 857 2753 lecta
886 2694 938 2753 esi
968 2708 1034 2753 vox
1065 2692 1177 2767 aliqua
1206 2692 1378 2754 κολακεύων
1401 2692 1602 2769 significans.
1624 2696 1700 2756 Iam

471 2806 639 2881 reputanti
662 2806 764 2866 etiam
787 2804 992 2880 plebeculam
1019 2807 1170 2865 nostram
1193 2820 1232 2865 eo
1253 2820 1355 2867 sensu
1378 2821 1536 2882 usurpare
1560 2808 1700 2869 verbum

471 2919 696 2995 gatlikken
721 2919 742 2979 i.
767 2934 794 2979 e.
819 2918 984 2993 lingere
1007 2918 1198 2994 podicem
1223 2917 1370 2995 alicui,
1395 2933 1460 2980 non
1482 2921 1701 2995 improbabile

469 3034 611 3095 fortasse
652 3032 816 3092 videbitur
857 3031 1115 3106 Aristophanem
1161 3031 1291 3091 dedisse
1335 3036 1610 3111 ιοχωνολοιχον.
1651 3034 1701 3095 De

470 3146 562 3206 vocis
592 3143 709 3221 κοχώνη
742 3144 808 3217 (Eo.
840 3146 905 3207 422
937 3146 972 3205 et
995 3144 1073 3215 482)
1095 3141 1335 3219 significatione
1358 3144 1423 3205 vid.
1447 3140 1608 3207 Thesauri
1631 3148 1699 3209 vol.

471 3259 515 3319 IV
537 3274 564 3318 s.
589 3274 619 3318 v.
643 3290 682 3301 -
707 3257 788 3334 Quia
811 3272 890 3318 vero
920 3257 1025 3336 λείχειν
1051 3255 1121 3336 περί
1141 3279 1208 3316 τινα
1230 3272 1288 3332 pro
1312 3256 1485 3336 περιλείχειν
1507 3258 1574 3318 τινά
1596 3260 1699 3321 nabet

469 3371 554 3446 quod
578 3371 763 3446 displiceat,
789 3371 852 3431 erit
874 3370 1017 3431 fortasse
1040 3370 1096 3444 qui
1120 3369 1329 3446 praetulerit:

734 3487 1134 3562 ιιοχωνοπεριλοιχῶν
1155 3481 1209 3543 τὸν
1232 3473 1265 3542 εὖ
1289 3479 1439 3562 πράττονέ
1467 3481 1521 3543 ἀεί.

512 3597 584 3658 Vox
607 3597 751 3658 formata
773 3598 811 3656 ut
834 3593 1062 3674 ἀσπιδαποβλής
1085 3596 1226 3671 aliaque.

511 3713 557 3772 At
586 3711 697 3771 nescio
727 3725 769 3770 an
800 3724 839 3769 ea
869 3709 1001 3784 quidem
1031 3710 1218 3770 mutatione
1244 3723 1327 3783 opus
1349 3723 1425 3769 non·
1438 3709 1497 3786 οἰδ,
1521 3714 1697 3787 propterea

467 3825 552 3898 quod
590 3827 890 3901 κοχοννολοιχῶν
920 3822 1008 3882 idem
1041 3824 1131 3882 valet
1175 3836 1213 3882 ac
1249 3819 1465 3900 ιιοχοονολοιχδς
1495 3820 1548 3899 dv,
1584 3825 1696 3898 qualis

466 3937 555 3998 notio
577 3937 666 3996 recte
691 3949 766 3994 cum
789 3950 897 4011 praep.
922 3930 987 4012 περὶ
1011 3935 1105 4008 iungi
1126 3935 1244 4010 potest.

466 4162 521 4222 VS.
549 4163 644 4222 1345.
732 4156 804 4243 δρᾷς
828 4156 883 4239 ἐγώ
907 4152 935 4217 o’
962 4155 1002 4229 ὡς
1026 4158 1129 4231 δεξιῶς
1152 4155 1346 4234 bertlianae

509 4274 599 4332 Licet
621 4273 703 4332 nihil
727 4274 869 4347 mutem,
893 4271 1108 4346 praetulerim
1131 4270 1220 4331 hunc
1243 4270 1418 4331 verborum
1442 4271 1608 4363 ordinem:

731 4381 770 4454 δος
795 4382 911 4458 δεξιῶς,
934 4377 1022 4463 δρᾷςς
1046 4379 1102 4461 ἐγώ
1126 4375 1151 4440 σ’
1178 4379 1357 4458 ὑφειλόμην.

464 4609 643 4669 Ve.1364.
731 4599 864 4676 δοοδτος
890 4598 977 4677 οὗτος
1000 4603 1150 4682 τυφεδανὲ
1172 4603 1224 4665 καί
1245 4603 1410 4684 χοιρόθλιψ
1478 4627 1483 4634 ·

729 4722 871 4788 ποθεῖς
903 4715 995 4794 ἐρᾶν
1025 4712 1046 4776 τ’
1072 4716 1172 4788 ἔοικας
1196 4714 1309 4797 ὡραίου
1332 4749 1373 4759 -
1399 4725 1501 4796 σοροῦ.
1535 4807 1539 4812 .
1673 4803 1677 4808 .

507 4834 578 4893 Iam
610 4832 702 4892 Stud.
733 4831 895 4891 Thac-a.
931 4831 1015 4891 1869
1047 4831 1098 4900 (ci.
1134 4831 1253 4891 Mnem.
1277 4826 1386 4889 XXIV
1408 4846 1439 4905 p.
1464 4831 1540 4900 297)
1563 4832 1695 4894 conieci

461 4947 538 5006 aute
572 4944 736 5005 Kockium
770 4943 924 5003 Verisim.
960 4959 991 5018 p.
1027 4943 1091 5001 203
1124 4945 1188 5013 (cui
1218 4944 1319 5002 tribui
1359 4942 1454 5013 solet)
1489 4945 1560 5001 ποῖ
1583 4946 1693 5030 θεῐςς

460 5056 552 5136 δρᾶν
583 5051 606 5135 y’
632 5055 731 5126 ἔοικας
754 5052 810 5115 ιιτὲ.
