3867 6450
853 1009 892 1067 19

250 1199 318 1259 Va.
348 1200 420 1260 162.
450 1176 451 1181 ἵ
490 1198 647 1268 ictericae.
667 1198 842 1258 Petronius
859 1156 1066 1258 Sat42init.
1091 1196 1266 1271 frigore,
1291 1198 1481 1283 laecasin

252 1322 315 1383 tan
342 1304 627 1388 „laecason?”)
650 1312 728 1371 dixi.
754 1309 800 1371 Gi.
823 1309 1094 1383 francogallicum
1118 1325 1166 1369 va
1187 1311 1227 1369 te
1250 1310 1359 1370 faire
1381 1311 1414 1371 f.
1430 1357 1458 1371 ..

253 1514 317 1574 Vs.
347 1514 419 1575 175.
489 1512 699 1590 εὐδαιμονήσω
723 1507 764 1587 δ’,
786 1516 816 1571 εἴ
835 1508 1113 1588 διαστραφήσομαι;

309 1628 434 1688 Similis
454 1628 545 1688 iocus
564 1630 658 1687 extat
681 1628 755 1687 Pac.
782 1628 845 1685 369
870 1642 917 1699 sq.
943 1627 976 1685 et
999 1627 1061 1685 Av.
1089 1625 1162 1686 177.
1231 1703 1233 1706 ¹

257 1830 323 1889 VS.
351 1831 424 1890 189.
513 1864 544 1874 -
589 1832 667 1906 πλῆν
709 1827 904 1907 γραμμάτων,
948 1824 1010 1886 καὶ
1051 1834 1169 1886 ταῦτα
1209 1825 1345 1905 μέντοι
1385 1825 1484 1887 κατὰ

1303 1951 1440 2015 κακῶς

309 2056 396 2117 Hinc
420 2056 498 2117 olim
523 2056 698 2117 emendavi
722 2057 871 2132 Procopii
895 2057 1003 2117 locum
1028 2056 1067 2115 de
1090 2056 1175 2117 bello
1194 2057 1324 2117 Persico
1350 2074 1379 2131 p.
1410 2059 1484 2132 195,

260 2173 307 2231 15
332 2172 381 2231 ed.
405 2171 528 2246 Haury‚
554 2172 610 2244 qui
632 2187 686 2232 me
709 2172 844 2231 secutus
867 2171 989 2231 delevit
1011 2169 1135 2248 γράψαι.

257 2373 322 2434 Va.
350 2375 411 2434 198
432 2390 499 2447 sq.;
525 2374 605 2446 220;
631 2375 705 2434 259.
775 2373 821 2434 De
844 2374 897 2433 his
921 2379 991 2434 ves:
1012 2374 1065 2446 egi
1088 2373 1208 2434 Mnem.
1228 2374 1249 2433 l.
1269 2374 1290 2434 l.
1311 2390 1341 2449 p.
1363 2375 1403 2434 41
1425 2390 1484 2450 so,

257 2488 306 2549 cf.
332 2488 433 2547 etiam
455 2487 571 2548 Herm.
596 2486 651 2547 1.1.

259 2675 322 2733 Vs.
350 2674 423 2732 213.
783 2665 892 2731 ταῦθ’
917 2670 992 2750 deep
1015 2676 1110 2743 ποιεῖς
1132 2672 1220 2731 nolet.

532 2785 653 2865 τάραττε
674 2784 724 2845 adr
747 2780 860 2864 χόρδευ’
887 2782 963 2862 ὁμοῦ
987 2783 1022 2844 τὰ
1045 2785 1213 2864 πράγματα.

260 2956 265 2966 .
311 2900 508 2961 Rectissime
542 2900 684 2975 Lenting
717 2893 837 2976 ταῦθ’.
866 2900 1009 2960 eadem
1039 2899 1105 2959 fac
1135 2900 1385 2973 quaefacta.
1419 2902 1487 2977 Quo

258 3016 336 3076 iure
367 3014 549 3075 vLeeuwen
579 3014 627 3074 ita
648 3014 822 3088 legendum
846 3014 948 3074 fuisse
971 3011 1063 3073 πάλαι
1086 3023 1144 3073 aut
1167 3011 1213 3072 oiri
1234 3030 1292 3090 pro
1314 3014 1394 3073 ποίει
1417 3032 1488 3077 con·

260 3129 395 3203 tendat,
426 3142 481 3187 me
512 3128 644 3201 quidem
669 3128 761 3190 latet.
790 3128 921 3201 Optime
945 3128 1033 3187 enim
1057 3128 1203 3203 procedit
1223 3132 1399 3190 sententia.
1424 3130 1489 3188 Vix

259 3235 354 3301 ταῦθ’
380 3240 476 3318 ἅπερ
500 3257 558 3317 pro
582 3240 601 3300 it
625 3244 682 3301 aut
705 3239 759 3300 ὅσα
779 3242 871 3316 probi
894 3244 946 3302 est
969 3242 1140 3302 atticismi.

241 3446 324 3504 -Vs.
351 3444 425 3505 257.
533 3444 646 3520 Paphi.
667 3439 726 3503 ἀλλ’
744 3442 801 3526 ἐγώ
820 3461 852 3504 σε
870 3454 905 3528 τῇ
925 3445 984 3527 βοῇ
1004 3444 1096 3527 ταύτῃ
1123 3465 1156 3524 γε
1179 3453 1308 3522 πρῶτα
1331 3443 1487 3525 τρέψομαι.
1531 3454 1542 3475 ⁶

312 3558 508 3633 Suspectum
540 3559 622 3618 mihi
653 3561 705 3619 est
733 3567 835 3635 πρῶτοι
865 3559 992 3619 dictum
1024 3573 1061 3618 eo
1085 3573 1200 3631 sensu,
1224 3573 1287 3630 quo
1313 3556 1408 3628 εὐθύς
1432 3563 1490 3618 aut

262 3669 376 3732 αὐτίκα
398 3673 485 3733 solet
508 3672 671 3748 usurpari.
696 3673 814 3732 Nescio
838 3687 878 3732 an
902 3687 981 3733 vera
1005 3671 1101 3732 lectio
1124 3673 1170 3731 sit
1191 3670 1318 3754 ῥᾷστα.

263 3859 326 3919 VS.
352 3860 426 3920 274.
535 3855 600 3918 καὶ
623 3855 784 3937 κέκραγας,
807 3852 887 3942 ᾧπερ
910 3855 957 3917 dri
979 3855 1033 3934 τὴν
1057 3857 1144 3917 πόλιν
1168 3856 1378 3938 καταστρέφεις

315 3971 402 4032 citat
425 3972 607 4032 vLeeuwen
631 3973 853 4033 coniecturam
873 3987 983 4056 meam
1004 3968 1044 4041 ὡς
1063 3987 1121 4046 pro
1140 3970 1198 4029 καί.
1218 3972 1359 4047 Ambigo
1379 3977 1492 4034 autem

261 4086 356 4148 sitne
386 4087 434 4145 ita
464 4086 672 4146 scribendum
704 4086 774 4146 sine
804 4085 1078 4159 interrogatione,
1111 4100 1152 4144 an
1175 4076 1208 4161 ἦ,
1230 4087 1314 4159 quod
1338 4089 1492 4162 proposui

264 4199 391 4260 Mnem.
407 4199 515 4256 XXIV
530 4214 560 4273 p.
576 4200 650 4258 297.
667 4197 813 4271 Utraque
830 4199 918 4257 enim
936 4196 1052 4256 vocula
1068 4212 1144 4256 cum
1160 4197 1214 4256 καί
1227 4199 1381 4258 confundi
1397 4201 1492 4260 solet.

264 4401 326 4461 Vs,
352 4402 427 4461 289.
495 4398 695 4478 κάπιορκῶ
729 4421 761 4479 με
795 4397 940 4479 πράττειν.
983 4398 1115 4459 Dudum
1150 4402 1227 4460 ante
1260 4401 1490 4461 Leeuwenium

265 4514 425 4591 proposui
447 4510 693 4591 noncopante.

267 4716 329 4776 Vs.
355 4717 430 4777 360.
499 4716 618 4777 tinem.
651 4717 730 4775 XIX
760 4733 790 4791 p.
823 4717 886 4776 387
918 4731 966 4788 aq.
999 4731 1057 4789 pro
1085 4714 1177 4791 μόνος
1201 4715 1365 4775 malebam
1389 4714 1495 4792 μόνον,

266 4828 358 4904 quod
389 4829 456 4889 iam
487 4829 674 4890 Bentleium
708 4831 887 4918 coniecisse
918 4831 1121 4905 ignorabam.
1154 4831 1215 4891 Sed
1245 4833 1333 4891 recte
1357 4831 1496 4891 sortasse

267 4941 457 5002 vLeeuwen
489 4942 536 5002 ita
567 4944 690 5019 tuetur,
715 4946 752 5003 ut
775 4943 878 5003 verba
900 4942 993 5019 μόνος
1016 4940 1073 5002 mi.
1096 4940 1178 5021 ττορὰ
1201 4942 1385 5022 προσδοκίαν
1409 4944 1497 5004 dicta

266 5055 487 5129 accipiantur.
