3867 6450
920 981 1098 1067 ’νο

463 1192 519 1252 Vs.
544 1193 618 1254 rto,
688 1193 782 1256 lletri
812 1207 914 1254 oauaa
947 1193 1062 1254 Herm.
1097 1191 1156 1252 l.l.
1192 1191 1226 1250 et
1256 1189 1376 1251 linem
1412 1189 1521 1251 XXIV
1556 1207 1587 1267 p.
1626 1193 1695 1251 308

462 1305 587 1367 conieci
609 1306 730 1382 φαίνειν
752 1322 811 1382 pro
834 1303 953 1384 φέρειν,
976 1305 1061 1380 quod
1086 1304 1272 1364 vLeauweu
1295 1305 1391 1363 acute
1410 1304 1523 1364 tuetur
1541 1303 1696 1364 Platonis

462 1417 534 1478 looo
562 1417 633 1479 Ion.
671 1419 737 1480 tat
756 1418 790 1495 b,
825 1419 884 1480 sed
917 1417 1092 1478 subdubito
1127 1417 1302 1492 propterea
1338 1417 1423 1491 quod
1460 1416 1506 1476 ibi
1544 1414 1695 1494 φέρουσιν

461 1531 687 1592 necessarlum
709 1533 762 1592 est
783 1531 824 1592 ob
847 1531 960 1593 addita
983 1532 1084 1593 verba
1112 1529 1210 1606 ὥσπερ
1233 1528 1269 1588 ai
1288 1526 1425 1604 μίίιιιω.
1449 1529 1552 1604 saepe
1576 1532 1695 1589 autem

419 1715 426 1732 ι
463 1641 584 1718 φαίνειν
612 1647 648 1705 et
676 1641 779 1723 φέρειν
808 1659 829 1705 a
857 1644 1001 1706 librariis
1031 1643 1187 1705 conlundi
1217 1644 1362 1718 constat,
1395 1645 1429 1704 et
1458 1645 1614 1718 suspecta
1642 1644 1699 1702 est

463 1757 562 1818 metri
584 1772 604 1817 a
627 1773 726 1819 versu
748 1758 946 1820 antithetloo
968 1757 1159 1819 diversitas.

464 1985 521 2046 VS.
547 1987 621 2046 753.
730 1983 756 2044 εἰ
778 1976 851 2061 μετ’
876 1979 1057 2063 ὀρνίθων
1078 2005 1121 2055 τις
1145 1980 1245 2058 ὑμῶν,
1268 1973 1291 2041 ὦ
1315 1981 1437 2057 θεαταί,
1459 1982 1598 2060 βούλεται

731 2093 964 2156 διαπλέκειν
996 2099 1068 2170 ζῶν
1099 2093 1195 2173 ἡδέως
1225 2093 1257 2154 ιδ
1280 2094 1402 2170 λοιπόν,
1424 2091 1463 2166 ὡς
1487 2089 1565 2170 ἡμᾶς
1588 2095 1649 2154 ἴτω.

507 2211 679 2274 Emblema
708 2227 783 2273 esse
811 2205 868 2287 μοι’
902 2207 1037 2286 ὀρνίθων
1064 2210 1229 2286 persuasit
1250 2209 1334 2269 mihi
1357 2207 1483 2282 collega
1506 2209 1692 2282 ludensis,

464 2323 522 2384 sed
552 2323 587 2382 in
621 2322 719 2384 huius
749 2324 938 2386 coniectura
968 2323 999 2384 εἴ
1024 2346 1066 2395 τις
1095 2357 1135 2368 -
1168 2321 1338 2382 διαπλέκων
1372 2313 1442 2386 (εὖ
1464 2320 1517 2383 τὸν
1540 2324 1645 2400 βίον)
1661 2319 1694 2400 (l

464 2436 601 2515 βούλεται
631 2437 689 2507 ζῶν
718 2432 814 2513 ἡδέως
844 2437 996 2513 displicet
1026 2437 1109 2498 mibi
1140 2436 1257 2498 vocula
1283 2426 1317 2496 εὖ
1341 2436 1547 2498 abundanter
1569 2436 1692 2496 addita.

464 2549 578 2610 Malim
597 2551 712 2625 igitur:

729 2661 761 2722 ελ
782 2674 851 2742 (με
874 2662 926 2725 τὸν
949 2665 1056 2743 βίον)
1084 2689 1126 2737 ιις
1151 2665 1250 2743 ὑμῶν,
1273 2659 1297 2726 d
1320 2667 1441 2741 θεαταί,
1463 2667 1598 2745 βούληαι

732 2776 960 2838 διαπλέκων
984 2780 1052 2856 ζῇν
1075 2776 1172 2857 ἡδέως
1194 2779 1227 2841 κδ
1250 2780 1371 2856 λοιπόν,
1393 2777 1433 2850 ὣς
1455 2775 1534 2856 ἡμᾶς
1559 2778 1618 2838 ἴτω.

510 2889 654 2965 insulse,
690 2890 727 2949 ut
760 2891 819 2950 isti
851 2892 974 2969 solent,
1009 2892 1218 2967 magistellos
1253 2891 1363 2953 verbis
1400 2891 1452 2952 τὸν
1482 2893 1551 2970 βίον
1581 2906 1687 2967 super·

465 3003 639 3078 scripsisse
661 3004 791 3066 videtur
813 2999 870 3082 μετ’
895 3001 1041 3084 ὀρνίθων.
1065 3006 1112 3068 Gi.
1137 3022 1237 3081 supra
1259 3007 1301 3067 ad
1323 3005 1399 3068 Pac.
1426 3008 1500 3068 116.

466 3241 523 3302 Vs.
548 3242 624 3306 755.
691 3242 738 3305 Oi.
762 3245 877 3307 Herm.
897 3246 919 3308 l.
943 3246 965 3307 l.
990 3246 1224 3308 Difficultatem
1249 3246 1381 3321 expedit
1402 3246 1487 3307 lenis
1506 3246 1693 3307 Leeuwenii

465 3357 651 3417 emendatio
680 3358 895 3436 κρατουμένας.
929 3361 1004 3435 Ipse
1035 3362 1156 3421 linem.
1182 3360 1290 3421 XXIV
1312 3376 1343 3436 p.
1367 3360 1432 3421 309
1457 3372 1692 3435 proposueram

466 3468 705 3546 κυρούμενοι.

467 3695 513 3755 Vs
537 3696 613 3756 769.
637 3711 708 3771 sqq.
777 3699 873 3761 Loois
897 3700 1010 3761 allatis
1033 3716 1052 3761 a
1075 3699 1271 3760 Leeuwenio
1298 3700 1338 3759 ad
1363 3699 1463 3761 verba
1486 3696 1569 3783 ὄχθῳ
1593 3696 1691 3773 ἐφεζό-

467 3828 552 3884 μενοι
602 3805 669 3885 νιαρ’
715 3808 831 3888 Ἕβρον
878 3813 1013 3889 ποταμόν
1058 3814 1258 3874 illustranda
1304 3815 1444 3875 addatur
1485 3812 1693 3887 Baoobylidis

468 3918 577 3981 Garm.
605 3920 675 3980 XV:
699 3923 784 4000 (BL),
809 3927 828 3985 5
855 3925 967 4003 Φοῖβος
992 3922 1110 4003 ἐπείπερ
1135 3920 1213 3997 ἐπ’ί]
1239 3923 1420 4001 ἀνθεμόεντι
1446 3938 1575 3989 (που)
1589 3922 1693 4007 Ἕβρῳ

469 4023 553 4110 [ἦρος
576 4031 744 4113 &dypticum
766 4034 786 4115 ἢ
809 4035 995 4117 δολιχαοχένι
1016 4040 1143 4124 κύ[κνρο]
1169 4038 1358 4117 τερπόμενος.

468 4261 524 4321 Vs.
550 4261 626 4322 812.
695 4261 835 4339 Goryph.
872 4258 934 4341 φέρ’
973 4263 1043 4341 ἴδω,
1066 4264 1102 4324 ιί
1132 4259 1163 4323 δ’
1194 4260 1268 4341 ἡμῖν
1292 4260 1410 4342 τοῦνομ’
1433 4264 1513 4340 forat
1537 4272 1572 4347 τῇ
1598 4262 1695 4333 πόλεις

469 4371 551 4434 (lum
583 4374 749 4448 Elmsleyo
788 4376 973 4437 vLeeuwen
1002 4378 1031 4436 rt
1059 4370 1101 4454 ἄρ’
1136 4377 1225 4437 dedit
1256 4393 1313 4453 pro
1337 4378 1366 4436 ιί
1387 4372 1429 4436 δ’.
1466 4377 1548 4437 Vide
1579 4380 1696 4436 tamen

411 4498 419 4540 .-
469 4500 578 4545 annon
611 4488 656 4546 sit
690 4487 891 4560 probabilius
921 4488 1030 4550 delere
1061 4490 1213 4550 voculam
1250 4484 1279 4548 d’
1315 4505 1336 4549 a
1366 4464 1511 4550 librariis
1538 4493 1589 4550 tot
1615 4489 1699 4550 locis

469 4588 557 4649 male
581 4587 738 4649 additam.

469 4812 525 4874 Vs.
550 4813 625 4874 821.
735 4806 785 4892 ἆρ’
819 4811 926 4875 ἔστιν
956 4816 1054 4895 αὕτη
1084 4812 1108 4896 γ’
1133 4813 1154 4895 ἡ
1177 4817 1458 4896 Νεφελοκοκκυγία,

737 4927 787 4987 ἴνα
811 4926 863 4987 καί
885 4928 921 4989 τὰ
947 4928 1113 5010 Θεογένους
1135 4931 1171 4992 τὰ
1194 4931 1290 4993 πολλὰ
1312 4932 1446 5013 χρήματα

634 5118 641 5125 ¹
735 5042 771 5103 vd
800 5036 820 5102 ν’
848 5042 993 5124 Αἷσχένον
1016 5037 1040 5125 γ’
1073 5042 1240 5119 ἅπαντας
