<?xml version="1.0" encoding="UTF-8"?>
<!DOCTYPE html PUBLIC "-//W3C//DTD XHTML 1.0 Transitional//EN"
    "http://www.w3.org/TR/xhtml1/DTD/xhtml1-transitional.dtd">
<html xmlns="http://www.w3.org/1999/xhtml" xml:lang="en" lang="en">
 <head>
  <title>
</title>
<meta http-equiv="Content-Type" content="text/html;charset=utf-8" />
  <meta name='ocr-system' content='tesseract 3.04.00' />
  <meta name='ocr-capabilities' content='ocr_page ocr_carea ocr_par ocr_line ocrx_word'/>
</head>
<body>
  <div class='ocr_page' id='page_1' title='image "./vindiciaearisto00herwgoog_0038.png"; bbox 0 0 3867 6450; ppageno 0'>
   <div class='ocr_carea' id='block_1_1' title="bbox 1068 1034 1111 1091">
    <p class='ocr_par' dir='ltr' id='par_1_1' title="bbox 1068 1034 1111 1091">
     <span class='ocr_line' id='line_1_1' title="bbox 1068 1034 1111 1091; baseline 0 0"><span class='ocrx_word' id='word_1_1' title='bbox 1068 1034 1111 1091; x_wconf 83' lang='lat'><strong>30</strong></span> 
     </span>
    </p>
   </div>
   <div class='ocr_carea' id='block_1_2' title="bbox 479 1209 1705 1415">
    <p class='ocr_par' dir='ltr' id='par_1_2' title="bbox 479 1209 1705 1415">
     <span class='ocr_line' id='line_1_2' title="bbox 479 1209 1705 1295; baseline -0.008 -10"><span class='ocrx_word' id='word_1_2' title='bbox 479 1226 535 1287; x_wconf 92' lang='lat' dir='ltr'><strong>Vs.</strong></span> <span class='ocrx_word' id='word_1_3' title='bbox 564 1228 659 1287; x_wconf 84' lang='grc'><strong>1230.</strong></span> <span class='ocrx_word' id='word_1_4' title='bbox 746 1224 977 1285; x_wconf 72' lang='lat' dir='ltr'><strong>Coniectursm</strong></span> <span class='ocrx_word' id='word_1_5' title='bbox 1009 1234 1120 1281; x_wconf 83' lang='lat' dir='ltr'><strong>meam</strong></span> <span class='ocrx_word' id='word_1_6' title='bbox 1146 1212 1198 1295; x_wconf 73' lang='grc' dir='ltr'><strong>ὑφ’</strong></span> <span class='ocrx_word' id='word_1_7' title='bbox 1232 1209 1270 1279; x_wconf 76' lang='lat' dir='ltr'><strong>ol</strong></span> <span class='ocrx_word' id='word_1_8' title='bbox 1300 1218 1363 1279; x_wconf 73' lang='lat' dir='ltr'><strong>tri</strong></span> <span class='ocrx_word' id='word_1_9' title='bbox 1387 1212 1580 1295; x_wconf 80' lang='grc' dir='ltr'><strong><em>μ’ἀνδρὸς</em></strong></span> <span class='ocrx_word' id='word_1_10' title='bbox 1611 1218 1705 1285; x_wconf 82' lang='lat' dir='ltr'><strong>(Exc.</strong></span> 
     </span>
     <span class='ocr_line' id='line_1_3' title="bbox 480 1337 1104 1415; baseline -0.014 -12"><span class='ocrx_word' id='word_1_11' title='bbox 480 1341 551 1403; x_wconf 82' lang='lat' dir='ltr'><strong>orii.</strong></span> <span class='ocrx_word' id='word_1_12' title='bbox 576 1340 653 1401; x_wconf 90' lang='lat' dir='ltr'>VIII</span> <span class='ocrx_word' id='word_1_13' title='bbox 676 1342 737 1415; x_wconf 82' lang='lat' dir='ltr'><strong>sq.)</strong></span> <span class='ocrx_word' id='word_1_14' title='bbox 761 1338 883 1413; x_wconf 87' lang='lat' dir='ltr'><strong>recepit</strong></span> <span class='ocrx_word' id='word_1_15' title='bbox 908 1337 1104 1396; x_wconf 86' lang='lat' dir='ltr'><strong>vLeeuwen.</strong></span> 
     </span>
    </p>
   </div>
   <div class='ocr_carea' id='block_1_3' title="bbox 478 1586 1147 1653">
    <p class='ocr_par' dir='ltr' id='par_1_3' title="bbox 478 1586 1147 1653">
     <span class='ocr_line' id='line_1_4' title="bbox 478 1586 1147 1653; baseline -0.004 -3"><span class='ocrx_word' id='word_1_16' title='bbox 478 1592 533 1653; x_wconf 81' lang='lat' dir='ltr'><strong>Vs.</strong></span> <span class='ocrx_word' id='word_1_17' title='bbox 561 1592 656 1653; x_wconf 80' lang='lat'><strong>1281.</strong></span> <span class='ocrx_word' id='word_1_18' title='bbox 744 1589 816 1651; x_wconf 83' lang='lat' dir='ltr'><strong>vid.</strong></span> <span class='ocrx_word' id='word_1_19' title='bbox 840 1589 881 1649; x_wconf 85' lang='lat' dir='ltr'><strong>ad</strong></span> <span class='ocrx_word' id='word_1_20' title='bbox 905 1589 1047 1648; x_wconf 74' lang='lat' dir='ltr'><strong>Acheru.</strong></span> <span class='ocrx_word' id='word_1_21' title='bbox 1072 1586 1147 1648; x_wconf 88' lang='grc'><strong>980.</strong></span> 
     </span>
    </p>
   </div>
   <div class='ocr_carea' id='block_1_4' title="bbox 476 1843 1591 2272">
    <p class='ocr_par' dir='ltr' id='par_1_4' title="bbox 476 1843 1591 2272">
     <span class='ocr_line' id='line_1_5' title="bbox 476 1843 1591 1931; baseline -0.008 -16"><span class='ocrx_word' id='word_1_22' title='bbox 476 1856 532 1918; x_wconf 71' lang='lat' dir='ltr'><strong>Va.</strong></span> <span class='ocrx_word' id='word_1_23' title='bbox 560 1856 656 1917; x_wconf 80' lang='lat'><strong>1248.</strong></span> <span class='ocrx_word' id='word_1_24' title='bbox 745 1854 858 1931; x_wconf 82' lang='lat' dir='ltr'><strong>Paphi.</strong></span> <span class='ocrx_word' id='word_1_25' title='bbox 883 1852 963 1931; x_wconf 83' lang='grc' dir='ltr'><strong><em>οἴμοι</em></strong></span> <span class='ocrx_word' id='word_1_26' title='bbox 986 1851 1189 1929; x_wconf 81' lang='grc' dir='ltr'><strong><em>κακοδαίμων·</em></strong></span> <span class='ocrx_word' id='word_1_27' title='bbox 1211 1844 1307 1911; x_wconf 74' lang='grc' dir='ltr'><strong><em>οὐκετ’</em></strong></span> <span class='ocrx_word' id='word_1_28' title='bbox 1334 1846 1427 1910; x_wconf 76' lang='grc' dir='ltr'><strong><em>οὐδέν</em></strong></span> <span class='ocrx_word' id='word_1_29' title='bbox 1449 1843 1502 1926; x_wconf 72' lang='grc' dir='ltr'><strong>εἶμ’</strong></span> <span class='ocrx_word' id='word_1_30' title='bbox 1526 1846 1591 1927; x_wconf 74' lang='grc' dir='ltr'><strong>ἐγώ.</strong></span> 
     </span>
     <span class='ocr_line' id='line_1_6' title="bbox 744 1954 1446 2045; baseline -0.007 -18"><span class='ocrx_word' id='word_1_31' title='bbox 744 1966 863 2045; x_wconf 77' lang='grc' dir='ltr'><strong><em>λεπτή</em></strong></span> <span class='ocrx_word' id='word_1_32' title='bbox 885 1988 942 2039; x_wconf 80' lang='grc' dir='ltr'><strong>τις</strong></span> <span class='ocrx_word' id='word_1_33' title='bbox 965 1963 1046 2037; x_wconf 73' lang='grc' dir='ltr'><strong><em>ἐλπίς</em></strong></span> <span class='ocrx_word' id='word_1_34' title='bbox 1070 1958 1128 2025; x_wconf 72' lang='grc' dir='ltr'><strong>ἔστ’</strong></span> <span class='ocrx_word' id='word_1_35' title='bbox 1154 1958 1198 2040; x_wconf 77' lang='grc' dir='ltr'><strong>ἐφ’</strong></span> <span class='ocrx_word' id='word_1_36' title='bbox 1224 1954 1260 2041; x_wconf 78' lang='grc' dir='ltr'><strong>ἧς</strong></span> <span class='ocrx_word' id='word_1_37' title='bbox 1283 1958 1446 2043; x_wconf 75' lang='grc' dir='ltr'><strong>ὀχούμεθα.</strong></span> 
     </span>
     <span class='ocr_line' id='line_1_7' title="bbox 523 2078 1346 2156; baseline -0.007 -13"><span class='ocrx_word' id='word_1_38' title='bbox 523 2085 585 2145; x_wconf 85' lang='lat' dir='ltr'><strong>Vix</strong></span> <span class='ocrx_word' id='word_1_39' title='bbox 609 2084 706 2145; x_wconf 91' lang='lat' dir='ltr'><strong>huius</strong></span> <span class='ocrx_word' id='word_1_40' title='bbox 729 2082 792 2144; x_wconf 89' lang='lat' dir='ltr'><strong>loci</strong></span> <span class='ocrx_word' id='word_1_41' title='bbox 815 2085 866 2143; x_wconf 86' lang='lat' dir='ltr'><strong>est</strong></span> <span class='ocrx_word' id='word_1_42' title='bbox 890 2081 1084 2156; x_wconf 82' lang='lat' dir='ltr'><strong>asyndeton.</strong></span> <span class='ocrx_word' id='word_1_43' title='bbox 1107 2078 1346 2153; x_wconf 78' lang='lat' dir='ltr'><strong>Xxpeotsmus:</strong></span> 
     </span>
     <span class='ocr_line' id='line_1_8' title="bbox 742 2186 1191 2272; baseline -0.011 -17"><span class='ocrx_word' id='word_1_44' title='bbox 742 2193 860 2272; x_wconf 78' lang='grc' dir='ltr'><strong><em>λεπτὴ</em></strong></span> <span class='ocrx_word' id='word_1_45' title='bbox 885 2190 914 2255; x_wconf 77' lang='grc' dir='ltr'><strong>δ’</strong></span> <span class='ocrx_word' id='word_1_46' title='bbox 941 2189 990 2254; x_wconf 78' lang='grc' dir='ltr'><strong>ἔτ’</strong></span> <span class='ocrx_word' id='word_1_47' title='bbox 1017 2190 1099 2264; x_wconf 78' lang='grc' dir='ltr'><strong><em>ἐλπίς</em></strong></span> <span class='ocrx_word' id='word_1_48' title='bbox 1122 2186 1191 2252; x_wconf 73' lang='grc' dir='ltr'><strong>ἕατ’.</strong></span> 
     </span>
    </p>
   </div>
   <div class='ocr_carea' id='block_1_5' title="bbox 475 2450 1703 2643">
    <p class='ocr_par' dir='ltr' id='par_1_5' title="bbox 475 2450 1703 2643">
     <span class='ocr_line' id='line_1_9' title="bbox 475 2450 1257 2536; baseline -0.005 -17"><span class='ocrx_word' id='word_1_49' title='bbox 475 2460 531 2522; x_wconf 72' lang='lat' dir='ltr'><strong>VS.</strong></span> <span class='ocrx_word' id='word_1_50' title='bbox 559 2461 655 2521; x_wconf 78' lang='lat'><strong>1250.</strong></span> <span class='ocrx_word' id='word_1_51' title='bbox 743 2450 766 2519; x_wconf 77' lang='grc' dir='ltr'><strong>ὦ</strong></span> <span class='ocrx_word' id='word_1_52' title='bbox 790 2456 931 2534; x_wconf 76' lang='grc' dir='ltr'><strong>στέφανε,</strong></span> <span class='ocrx_word' id='word_1_53' title='bbox 952 2457 1065 2536; x_wconf 69' lang='grc' dir='ltr'><strong><em>χαίρων</em></strong></span> <span class='ocrx_word' id='word_1_54' title='bbox 1088 2453 1179 2517; x_wconf 76' lang='grc' dir='ltr'><strong><em>ἄπνθι</em></strong></span> <span class='ocrx_word' id='word_1_55' title='bbox 1200 2453 1257 2516; x_wconf 78' lang='grc' dir='ltr'><strong>κτὲ.</strong></span> 
     </span>
     <span class='ocr_line' id='line_1_10' title="bbox 519 2567 1703 2643; baseline -0.007 -9"><span class='ocrx_word' id='word_1_56' title='bbox 519 2575 674 2634; x_wconf 75' lang='lat' dir='ltr'><strong>Fortasse</strong></span> <span class='ocrx_word' id='word_1_57' title='bbox 716 2572 873 2633; x_wconf 81' lang='lat' dir='ltr'><strong>alluditur</strong></span> <span class='ocrx_word' id='word_1_58' title='bbox 915 2573 954 2632; x_wconf 86' lang='lat' dir='ltr'><strong>ad</strong></span> <span class='ocrx_word' id='word_1_59' title='bbox 997 2570 1201 2633; x_wconf 80' lang='lat' dir='ltr'><strong>Cassandrae</strong></span> <span class='ocrx_word' id='word_1_60' title='bbox 1234 2569 1336 2631; x_wconf 83' lang='lat' dir='ltr'><strong>verba</strong></span> <span class='ocrx_word' id='word_1_61' title='bbox 1377 2569 1462 2643; x_wconf 82' lang='lat' dir='ltr'><strong>apud</strong></span> <span class='ocrx_word' id='word_1_62' title='bbox 1497 2567 1703 2641; x_wconf 78' lang='lat' dir='ltr'><strong>Aeschylum</strong></span> 
     </span>
    </p>
   </div>
   <div class='ocr_carea' id='block_1_6' title="bbox 477 2684 1156 2762">
    <p class='ocr_par' dir='ltr' id='par_1_6' title="bbox 477 2684 1156 2762">
     <span class='ocr_line' id='line_1_11' title="bbox 477 2684 1156 2762; baseline -0.004 -15"><span class='ocrx_word' id='word_1_63' title='bbox 477 2688 594 2762; x_wconf 82' lang='lat' dir='ltr'><strong>Agam.</strong></span> <span class='ocrx_word' id='word_1_64' title='bbox 622 2687 718 2748; x_wconf 79' lang='grc'><strong>1267.</strong></span> <span class='ocrx_word' id='word_1_65' title='bbox 743 2684 790 2747; x_wconf 82' lang='lat' dir='ltr'><strong>Oi.</strong></span> <span class='ocrx_word' id='word_1_66' title='bbox 814 2701 916 2761; x_wconf 84' lang='lat' dir='ltr'><strong>supro</strong></span> <span class='ocrx_word' id='word_1_67' title='bbox 939 2686 979 2746; x_wconf 80' lang='lat' dir='ltr'><strong>cd</strong></span> <span class='ocrx_word' id='word_1_68' title='bbox 1004 2700 1054 2745; x_wconf 88' lang='lat' dir='ltr'><strong>vs.</strong></span> <span class='ocrx_word' id='word_1_69' title='bbox 1080 2686 1156 2745; x_wconf 85' lang='grc'><strong>892.</strong></span> 
     </span>
    </p>
   </div>
   <div class='ocr_carea' id='block_1_7' title="bbox 472 2942 1704 3709">
    <p class='ocr_par' dir='ltr' id='par_1_7' title="bbox 474 2942 1557 3140">
     <span class='ocr_line' id='line_1_12' title="bbox 474 2942 1494 3026; baseline -0.005 -15"><span class='ocrx_word' id='word_1_70' title='bbox 474 2952 530 3013; x_wconf 83' lang='lat' dir='ltr'><strong>VS.</strong></span> <span class='ocrx_word' id='word_1_71' title='bbox 559 2953 655 3013; x_wconf 82' lang='lat'><strong>1251.</strong></span> <span class='ocrx_word' id='word_1_72' title='bbox 909 2945 941 3009; x_wconf 73' lang='grc' dir='ltr'>σέ</span> <span class='ocrx_word' id='word_1_73' title='bbox 964 2942 992 3009; x_wconf 79' lang='grc' dir='ltr'><strong>δ’</strong></span> <span class='ocrx_word' id='word_1_74' title='bbox 1019 2946 1108 3019; x_wconf 75' lang='grc' dir='ltr'><strong><em>ἄλλος</em></strong></span> <span class='ocrx_word' id='word_1_75' title='bbox 1131 2971 1173 3019; x_wconf 79' lang='grc' dir='ltr'><strong>τις</strong></span> <span class='ocrx_word' id='word_1_76' title='bbox 1197 2946 1299 3026; x_wconf 79' lang='grc' dir='ltr'><strong><em>λαβὼν</em></strong></span> <span class='ocrx_word' id='word_1_77' title='bbox 1321 2945 1494 3024; x_wconf 76' lang='grc' dir='ltr'><strong><em>κεκτήσεται</em></strong></span> 
     </span>
     <span class='ocr_line' id='line_1_13' title="bbox 740 3054 1557 3140; baseline -0.007 -16"><span class='ocrx_word' id='word_1_78' title='bbox 740 3062 866 3140; x_wconf 76' lang='grc' dir='ltr'><strong><em>κλέπτης</em></strong></span> <span class='ocrx_word' id='word_1_79' title='bbox 889 3059 944 3139; x_wconf 74' lang='grc' dir='ltr'><strong><em>μὲν</em></strong></span> <span class='ocrx_word' id='word_1_80' title='bbox 968 3062 1038 3123; x_wconf 76' lang='grc' dir='ltr'><strong>οὐκ</strong></span> <span class='ocrx_word' id='word_1_81' title='bbox 1062 3059 1107 3121; x_wconf 77' lang='grc' dir='ltr'><strong><em>ἂν</em></strong></span> <span class='ocrx_word' id='word_1_82' title='bbox 1131 3065 1253 3138; x_wconf 79' lang='grc' dir='ltr'><strong><em>μᾶλλον,</em></strong></span> <span class='ocrx_word' id='word_1_83' title='bbox 1275 3058 1400 3139; x_wconf 75' lang='grc' dir='ltr'><strong><em>εὐτυχὴς</em></strong></span> <span class='ocrx_word' id='word_1_84' title='bbox 1425 3054 1452 3119; x_wconf 84' lang='grc' dir='ltr'><strong>δ’</strong></span> <span class='ocrx_word' id='word_1_85' title='bbox 1477 3058 1557 3131; x_wconf 61' lang='lat' dir='ltr'><strong>four.</strong></span> 
     </span>
    </p>

    <p class='ocr_par' dir='ltr' id='par_1_8' title="bbox 472 3170 1704 3709">
     <span class='ocr_line' id='line_1_14' title="bbox 518 3170 1704 3253; baseline -0.008 -13"><span class='ocrx_word' id='word_1_86' title='bbox 518 3178 609 3240; x_wconf 84' lang='lat' dir='ltr'><strong>Haec</strong></span> <span class='ocrx_word' id='word_1_87' title='bbox 633 3177 732 3242; x_wconf 86' lang='lat' dir='ltr'><strong>verba</strong></span> <span class='ocrx_word' id='word_1_88' title='bbox 755 3194 797 3238; x_wconf 83' lang='lat' dir='ltr'><strong>ex</strong></span> <span class='ocrx_word' id='word_1_89' title='bbox 817 3176 983 3239; x_wconf 85' lang='lat' dir='ltr'><strong>Alcestids</strong></span> <span class='ocrx_word' id='word_1_90' title='bbox 1002 3176 1191 3253; x_wconf 79' lang='lat' dir='ltr'><strong>Euripides,</strong></span> <span class='ocrx_word' id='word_1_91' title='bbox 1214 3176 1344 3237; x_wconf 79' lang='lat' dir='ltr'><strong>mutato</strong></span> <span class='ocrx_word' id='word_1_92' title='bbox 1363 3173 1492 3252; x_wconf 81' lang='grc' dir='ltr'><strong><em>σώφρων</em></strong></span> <span class='ocrx_word' id='word_1_93' title='bbox 1511 3173 1545 3234; x_wconf 90' lang='lat' dir='ltr'><strong>in</strong></span> <span class='ocrx_word' id='word_1_94' title='bbox 1564 3170 1704 3251; x_wconf 71' lang='grc' dir='ltr'><strong><em>κλέπτης,</em></strong></span> 
     </span>
     <span class='ocr_line' id='line_1_15' title="bbox 474 3286 1701 3366; baseline -0.005 -13"><span class='ocrx_word' id='word_1_95' title='bbox 474 3293 651 3366; x_wconf 82' lang='lat' dir='ltr'><strong>desumpta</strong></span> <span class='ocrx_word' id='word_1_96' title='bbox 687 3291 727 3351; x_wconf 84' lang='lat' dir='ltr'><strong>ab</strong></span> <span class='ocrx_word' id='word_1_97' title='bbox 761 3291 983 3366; x_wconf 84' lang='lat' dir='ltr'><strong>Aristophane</strong></span> <span class='ocrx_word' id='word_1_98' title='bbox 1020 3286 1055 3354; x_wconf 89' lang='lat' dir='ltr'><strong>in</strong></span> <span class='ocrx_word' id='word_1_99' title='bbox 1089 3307 1160 3352; x_wconf 90' lang='lat' dir='ltr'><strong>rem</strong></span> <span class='ocrx_word' id='word_1_100' title='bbox 1194 3305 1290 3350; x_wconf 82' lang='lat' dir='ltr'><strong>susm</strong></span> <span class='ocrx_word' id='word_1_101' title='bbox 1324 3289 1489 3349; x_wconf 86' lang='lat' dir='ltr'><strong>convertit</strong></span> <span class='ocrx_word' id='word_1_102' title='bbox 1522 3287 1701 3362; x_wconf 80' lang='lat' dir='ltr'><strong>Procopius</strong></span> 
     </span>
     <span class='ocr_line' id='line_1_16' title="bbox 474 3397 1702 3480; baseline -0.008 -13"><span class='ocrx_word' id='word_1_103' title='bbox 474 3405 621 3467; x_wconf 82' lang='lat' dir='ltr'><strong>Gazaeus</strong></span> <span class='ocrx_word' id='word_1_104' title='bbox 644 3406 745 3480; x_wconf 82' lang='lat' dir='ltr'><strong>Epist.</strong></span> <span class='ocrx_word' id='word_1_105' title='bbox 771 3403 879 3462; x_wconf 85' lang='lat' dir='ltr'>XXIV</span> <span class='ocrx_word' id='word_1_106' title='bbox 903 3406 988 3465; x_wconf 85' lang='lat' dir='ltr'><strong>extr.</strong></span> <span class='ocrx_word' id='word_1_107' title='bbox 1012 3404 1178 3465; x_wconf 90' lang='lat' dir='ltr'><strong>scribens:</strong></span> <span class='ocrx_word' id='word_1_108' title='bbox 1202 3399 1311 3474; x_wconf 74' lang='grc' dir='ltr'><strong><em>εὔνοος</em></strong></span> <span class='ocrx_word' id='word_1_109' title='bbox 1334 3400 1388 3480; x_wconf 67' lang='grc' dir='ltr'><strong><em>μέν</em></strong></span> <span class='ocrx_word' id='word_1_110' title='bbox 1411 3400 1481 3462; x_wconf 80' lang='grc' dir='ltr'><strong>οὐκ</strong></span> <span class='ocrx_word' id='word_1_111' title='bbox 1507 3397 1553 3459; x_wconf 74' lang='grc' dir='ltr'><strong><em>ἂν</em></strong></span> <span class='ocrx_word' id='word_1_112' title='bbox 1576 3405 1702 3478; x_wconf 77' lang='grc' dir='ltr'><strong><em>μᾶλλον,</em></strong></span> 
     </span>
     <span class='ocr_line' id='line_1_17' title="bbox 472 3513 1698 3596; baseline -0.002 -19"><span class='ocrx_word' id='word_1_113' title='bbox 472 3518 612 3596; x_wconf 72' lang='grc' dir='ltr'><strong><em>κρείττων</em></strong></span> <span class='ocrx_word' id='word_1_114' title='bbox 643 3513 676 3576; x_wconf 74' lang='grc' dir='ltr'><strong>δὲ</strong></span> <span class='ocrx_word' id='word_1_115' title='bbox 706 3516 791 3593; x_wconf 76' lang='grc' dir='ltr'><strong><em>ἴσως,</em></strong></span> <span class='ocrx_word' id='word_1_116' title='bbox 823 3518 906 3592; x_wconf 89' lang='lat' dir='ltr'><strong>quod</strong></span> <span class='ocrx_word' id='word_1_117' title='bbox 939 3533 1064 3578; x_wconf 90' lang='lat' dir='ltr'><strong>novum</strong></span> <span class='ocrx_word' id='word_1_118' title='bbox 1095 3521 1148 3577; x_wconf 87' lang='lat' dir='ltr'><strong>est</strong></span> <span class='ocrx_word' id='word_1_119' title='bbox 1178 3517 1409 3577; x_wconf 86' lang='lat' dir='ltr'><strong>testimonium</strong></span> <span class='ocrx_word' id='word_1_120' title='bbox 1439 3514 1590 3576; x_wconf 86' lang='lat' dir='ltr'><strong>lectionis</strong></span> <span class='ocrx_word' id='word_1_121' title='bbox 1616 3515 1698 3589; x_wconf 91' lang='lat' dir='ltr'><strong>opti·</strong></span> 
     </span>
     <span class='ocr_line' id='line_1_18' title="bbox 473 3627 1337 3709; baseline -0.003 -17"><span class='ocrx_word' id='word_1_122' title='bbox 473 3647 604 3692; x_wconf 89' lang='lat' dir='ltr'><strong>morum</strong></span> <span class='ocrx_word' id='word_1_123' title='bbox 628 3631 801 3706; x_wconf 91' lang='lat' dir='ltr'><strong>librorum,</strong></span> <span class='ocrx_word' id='word_1_124' title='bbox 827 3647 885 3706; x_wconf 92' lang='lat' dir='ltr'><strong>pro</strong></span> <span class='ocrx_word' id='word_1_125' title='bbox 909 3646 974 3705; x_wconf 86' lang='lat' dir='ltr'><strong>qua</strong></span> <span class='ocrx_word' id='word_1_126' title='bbox 996 3627 1062 3709; x_wconf 73' lang='grc' dir='ltr'><strong><em>οὐχὶ</em></strong></span> <span class='ocrx_word' id='word_1_127' title='bbox 1084 3630 1186 3690; x_wconf 83' lang='lat' dir='ltr'><strong>habet</strong></span> <span class='ocrx_word' id='word_1_128' title='bbox 1208 3629 1337 3689; x_wconf 76' lang='lat' dir='ltr'><strong>suidas.</strong></span> 
     </span>
    </p>
   </div>
   <div class='ocr_carea' id='block_1_8' title="bbox 471 3889 1699 4199">
    <p class='ocr_par' dir='ltr' id='par_1_9' title="bbox 471 3889 1699 4199">
     <span class='ocr_line' id='line_1_19' title="bbox 472 3889 1699 3970; baseline -0.002 -15"><span class='ocrx_word' id='word_1_129' title='bbox 472 3896 528 3958; x_wconf 92' lang='lat' dir='ltr'><strong>Vs.</strong></span> <span class='ocrx_word' id='word_1_130' title='bbox 557 3897 652 3956; x_wconf 83' lang='lat'><strong>1281.</strong></span> <span class='ocrx_word' id='word_1_131' title='bbox 722 3897 814 3958; x_wconf 73' lang='lat' dir='ltr'><strong>stud.</strong></span> <span class='ocrx_word' id='word_1_132' title='bbox 836 3895 914 3957; x_wconf 82' lang='grc'><strong>0111.</strong></span> <span class='ocrx_word' id='word_1_133' title='bbox 936 3895 982 3954; x_wconf 92' lang='lat' dir='ltr'><strong>IX</strong></span> <span class='ocrx_word' id='word_1_134' title='bbox 1005 3896 1158 3970; x_wconf 85' lang='lat' dir='ltr'><strong>proposui</strong></span> <span class='ocrx_word' id='word_1_135' title='bbox 1176 3890 1293 3953; x_wconf 74' lang='lat' dir='ltr'><strong>critico</strong></span> <span class='ocrx_word' id='word_1_136' title='bbox 1311 3890 1384 3969; x_wconf 81' lang='grc' dir='ltr'><strong><em>μένα</em></strong></span> <span class='ocrx_word' id='word_1_137' title='bbox 1401 3909 1461 3968; x_wconf 93' lang='lat' dir='ltr'><strong>pro</strong></span> <span class='ocrx_word' id='word_1_138' title='bbox 1480 3889 1530 3952; x_wconf 76' lang='lat' dir='ltr'><strong>cal</strong></span> <span class='ocrx_word' id='word_1_139' title='bbox 1549 3892 1699 3970; x_wconf 75' lang='grc' dir='ltr'><strong><em>βούλεται.</em></strong></span> 
     </span>
     <span class='ocr_line' id='line_1_20' title="bbox 471 4005 1697 4089; baseline -0.001 -21"><span class='ocrx_word' id='word_1_140' title='bbox 471 4010 564 4070; x_wconf 88' lang='lat' dir='ltr'><strong>Nunc</strong></span> <span class='ocrx_word' id='word_1_141' title='bbox 596 4011 634 4069; x_wconf 86' lang='lat' dir='ltr'><strong>uf.</strong></span> <span class='ocrx_word' id='word_1_142' title='bbox 663 4009 850 4070; x_wconf 86' lang='lat' dir='ltr'><strong>Lecuwenii</strong></span> <span class='ocrx_word' id='word_1_143' title='bbox 869 4011 958 4069; x_wconf 86' lang='lat' dir='ltr'><strong>nota.</strong></span> <span class='ocrx_word' id='word_1_144' title='bbox 987 4043 1024 4052; x_wconf 94' lang='lat'><em>-</em></span> <span class='ocrx_word' id='word_1_145' title='bbox 1050 4008 1186 4068; x_wconf 81' lang='lat' dir='ltr'><strong>Defendi</strong></span> <span class='ocrx_word' id='word_1_146' title='bbox 1210 4007 1335 4082; x_wconf 88' lang='lat' dir='ltr'><strong>etipse</strong></span> <span class='ocrx_word' id='word_1_147' title='bbox 1357 4005 1500 4089; x_wconf 72' lang='grc' dir='ltr'><strong><em>ᾐσθόμην</em></strong></span> <span class='ocrx_word' id='word_1_148' title='bbox 1523 4022 1573 4066; x_wconf 87' lang='lat' dir='ltr'><strong>vs.</strong></span> <span class='ocrx_word' id='word_1_149' title='bbox 1599 4007 1697 4067; x_wconf 88' lang='grc'><strong>1282.</strong></span> 
     </span>
     <span class='ocr_line' id='line_1_21' title="bbox 472 4124 877 4199; baseline -0.005 -15"><span class='ocrx_word' id='word_1_150' title='bbox 472 4125 585 4184; x_wconf 87' lang='lat' dir='ltr'><strong>Herm.</strong></span> <span class='ocrx_word' id='word_1_151' title='bbox 609 4124 720 4184; x_wconf 87' lang='lat' dir='ltr'>XXIV</span> <span class='ocrx_word' id='word_1_152' title='bbox 746 4140 776 4199; x_wconf 90' lang='lat' dir='ltr'><strong>p.</strong></span> <span class='ocrx_word' id='word_1_153' title='bbox 802 4125 877 4184; x_wconf 86' lang='lat'><strong>608.</strong></span> 
     </span>
    </p>
   </div>
   <div class='ocr_carea' id='block_1_9' title="bbox 471 4383 1645 4465">
    <p class='ocr_par' dir='ltr' id='par_1_10' title="bbox 471 4383 1645 4465">
     <span class='ocr_line' id='line_1_22' title="bbox 471 4383 1645 4465; baseline -0.003 -18"><span class='ocrx_word' id='word_1_154' title='bbox 471 4389 527 4449; x_wconf 81' lang='lat' dir='ltr'><strong>VS.</strong></span> <span class='ocrx_word' id='word_1_155' title='bbox 556 4389 650 4449; x_wconf 80' lang='lat'><strong>1283.</strong></span> <span class='ocrx_word' id='word_1_156' title='bbox 738 4385 788 4446; x_wconf 79' lang='grc' dir='ltr'><strong>καὶ</strong></span> <span class='ocrx_word' id='word_1_157' title='bbox 812 4389 953 4464; x_wconf 79' lang='grc' dir='ltr'><strong><em>μολύνων</em></strong></span> <span class='ocrx_word' id='word_1_158' title='bbox 973 4384 1028 4463; x_wconf 72' lang='grc' dir='ltr'><strong><em>τὴν</em></strong></span> <span class='ocrx_word' id='word_1_159' title='bbox 1051 4384 1174 4462; x_wconf 77' lang='grc' dir='ltr'><strong><em>ὑπήνην</em></strong></span> <span class='ocrx_word' id='word_1_160' title='bbox 1196 4383 1244 4444; x_wconf 75' lang='grc' dir='ltr'><strong>καὶ</strong></span> <span class='ocrx_word' id='word_1_161' title='bbox 1269 4395 1371 4446; x_wconf 78' lang='grc' dir='ltr'><strong><em>κυκῶν</em></strong></span> <span class='ocrx_word' id='word_1_162' title='bbox 1393 4383 1444 4457; x_wconf 83' lang='grc' dir='ltr'><strong>τὰς</strong></span> <span class='ocrx_word' id='word_1_163' title='bbox 1468 4384 1645 4465; x_wconf 80' lang='grc' dir='ltr'><strong>ἐσχάρας.</strong></span> 
     </span>
    </p>
   </div>
   <div class='ocr_carea' id='block_1_10' title="bbox 471 4487 1699 5126">
    <p class='ocr_par' dir='ltr' id='par_1_11' title="bbox 471 4487 1699 5126">
     <span class='ocr_line' id='line_1_23' title="bbox 516 4487 1697 4579; baseline -0.003 -18"><span class='ocrx_word' id='word_1_164' title='bbox 516 4499 598 4561; x_wconf 80' lang='lat' dir='ltr'><strong>Cum</strong></span> <span class='ocrx_word' id='word_1_165' title='bbox 644 4501 769 4561; x_wconf 79' lang='lat' dir='ltr'><strong>scholio</strong></span> <span class='ocrx_word' id='word_1_166' title='bbox 815 4501 855 4561; x_wconf 83' lang='lat' dir='ltr'><strong>ad</strong></span> <span class='ocrx_word' id='word_1_167' title='bbox 900 4487 932 4560; x_wconf 53' lang='lat' dir='ltr'><strong>h:</strong></span> <span class='ocrx_word' id='word_1_168' title='bbox 964 4500 986 4560; x_wconf 92' lang='lat' dir='ltr'><strong>l.</strong></span> <span class='ocrx_word' id='word_1_169' title='bbox 1030 4497 1171 4578; x_wconf 73' lang='grc' dir='ltr'><strong><em>ἐσχάραςε</em></strong></span> <span class='ocrx_word' id='word_1_170' title='bbox 1219 4497 1253 4558; x_wconf 78' lang='grc' dir='ltr'><strong>τὰ</strong></span> <span class='ocrx_word' id='word_1_171' title='bbox 1298 4508 1357 4558; x_wconf 76' lang='grc' dir='ltr'><strong><em>τῶν</em></strong></span> <span class='ocrx_word' id='word_1_172' title='bbox 1399 4508 1552 4579; x_wconf 79' lang='grc' dir='ltr'><strong><em>γυναικῶν</em></strong></span> <span class='ocrx_word' id='word_1_173' title='bbox 1593 4498 1697 4558; x_wconf 76' lang='grc' dir='ltr'><strong><em>αἰδοῖα</em></strong></span> 
     </span>
     <span class='ocr_line' id='line_1_24' title="bbox 472 4611 1697 4690; baseline -0.004 -15"><span class='ocrx_word' id='word_1_174' title='bbox 472 4618 679 4688; x_wconf 78' lang='lat' dir='ltr'><strong>comparetur</strong></span> <span class='ocrx_word' id='word_1_175' title='bbox 720 4615 892 4674; x_wconf 89' lang='lat' dir='ltr'><strong>Philoxeni</strong></span> <span class='ocrx_word' id='word_1_176' title='bbox 935 4613 1048 4688; x_wconf 86' lang='lat' dir='ltr'><strong>glossa</strong></span> <span class='ocrx_word' id='word_1_177' title='bbox 1084 4613 1274 4674; x_wconf 84' lang='lat' dir='ltr'><strong>landica:</strong></span> <span class='ocrx_word' id='word_1_178' title='bbox 1317 4611 1475 4690; x_wconf 75' lang='grc' dir='ltr'><strong><em>ἐσχνράδιν</em></strong></span> <span class='ocrx_word' id='word_1_179' title='bbox 1508 4617 1562 4683; x_wconf 86' lang='lat'><strong>(=</strong></span> <span class='ocrx_word' id='word_1_180' title='bbox 1581 4611 1697 4684; x_wconf 70' lang='lat' dir='ltr'><strong>-cticovl</strong></span> 
     </span>
     <span class='ocr_line' id='line_1_25' title="bbox 471 4718 1699 4802; baseline -0.001 -16"><span class='ocrx_word' id='word_1_181' title='bbox 471 4730 504 4787; x_wconf 84' lang='lat' dir='ltr'><strong>et</strong></span> <span class='ocrx_word' id='word_1_182' title='bbox 545 4727 683 4802; x_wconf 79' lang='lat' dir='ltr'><strong>Priapes</strong></span> <span class='ocrx_word' id='word_1_183' title='bbox 721 4727 902 4801; x_wconf 89' lang='lat' dir='ltr'>LXXVIII,</span> <span class='ocrx_word' id='word_1_184' title='bbox 946 4729 977 4801; x_wconf 81' lang='lat'><strong>5,</strong></span> <span class='ocrx_word' id='word_1_185' title='bbox 1020 4727 1076 4786; x_wconf 92' lang='lat' dir='ltr'><strong>uhi</strong></span> <span class='ocrx_word' id='word_1_186' title='bbox 1111 4718 1191 4786; x_wconf 85' lang='lat' dir='ltr'><strong>haec</strong></span> <span class='ocrx_word' id='word_1_187' title='bbox 1226 4742 1290 4785; x_wconf 84' lang='lat' dir='ltr'><strong>vox</strong></span> <span class='ocrx_word' id='word_1_188' title='bbox 1324 4726 1429 4786; x_wconf 80' lang='lat' dir='ltr'><strong>latina</strong></span> <span class='ocrx_word' id='word_1_189' title='bbox 1462 4725 1614 4786; x_wconf 87' lang='lat' dir='ltr'><strong>occurrit.</strong></span> <span class='ocrx_word' id='word_1_190' title='bbox 1647 4723 1699 4785; x_wconf 91' lang='lat' dir='ltr'><strong>De</strong></span> 
     </span>
     <span class='ocr_line' id='line_1_26' title="bbox 471 4831 1698 4914; baseline -0.002 -15"><span class='ocrx_word' id='word_1_191' title='bbox 471 4841 532 4899; x_wconf 84' lang='lat' dir='ltr'><strong>hac</strong></span> <span class='ocrx_word' id='word_1_192' title='bbox 578 4839 725 4913; x_wconf 85' lang='lat' dir='ltr'><strong>nequitia</strong></span> <span class='ocrx_word' id='word_1_193' title='bbox 770 4841 810 4900; x_wconf 86' lang='lat' dir='ltr'><strong>of.</strong></span> <span class='ocrx_word' id='word_1_194' title='bbox 857 4831 1084 4899; x_wconf 83' lang='lat' dir='ltr'><strong>IuveuallX</strong></span> <span class='ocrx_word' id='word_1_195' title='bbox 1130 4840 1164 4914; x_wconf 87' lang='lat'><strong>9,</strong></span> <span class='ocrx_word' id='word_1_196' title='bbox 1212 4839 1303 4899; x_wconf 88' lang='lat' dir='ltr'><strong>dum</strong></span> <span class='ocrx_word' id='word_1_197' title='bbox 1353 4838 1572 4912; x_wconf 87' lang='lat' dir='ltr'><strong>Rhodopes</strong></span> <span class='ocrx_word' id='word_1_198' title='bbox 1617 4837 1698 4897; x_wconf 83' lang='lat' dir='ltr'><strong>uda</strong></span> 
     </span>
     <span class='ocr_line' id='line_1_27' title="bbox 471 4950 1696 5028; baseline -0.003 -16"><span class='ocrx_word' id='word_1_199' title='bbox 471 4953 578 5013; x_wconf 83' lang='lat' dir='ltr'><strong>terit</strong></span> <span class='ocrx_word' id='word_1_200' title='bbox 611 4953 790 5026; x_wconf 81' lang='lat' dir='ltr'><strong>inguina</strong></span> <span class='ocrx_word' id='word_1_201' title='bbox 824 4953 963 5028; x_wconf 82' lang='lat' dir='ltr'><strong>barbe,</strong></span> <span class='ocrx_word' id='word_1_202' title='bbox 1001 4967 1096 5027; x_wconf 92' lang='lat' dir='ltr'><strong>porro</strong></span> <span class='ocrx_word' id='word_1_203' title='bbox 1127 4953 1158 5010; x_wconf 91' lang='lat' dir='ltr'><strong>ll</strong></span> <span class='ocrx_word' id='word_1_204' title='bbox 1190 4956 1248 5024; x_wconf 66' lang='lat'><strong>493</strong></span> <span class='ocrx_word' id='word_1_205' title='bbox 1280 4952 1324 5010; x_wconf 90' lang='lat' dir='ltr'><strong>VI</strong></span> <span class='ocrx_word' id='word_1_206' title='bbox 1354 4953 1419 5011; x_wconf 88' lang='grc'><strong>304</strong></span> <span class='ocrx_word' id='word_1_207' title='bbox 1451 4967 1517 5024; x_wconf 88' lang='lat' dir='ltr'><strong>sq.;</strong></span> <span class='ocrx_word' id='word_1_208' title='bbox 1549 4950 1580 5009; x_wconf 92' lang='lat' dir='ltr'>X</span> <span class='ocrx_word' id='word_1_209' title='bbox 1610 4951 1696 5024; x_wconf 82' lang='lat'><strong>323;</strong></span> 
     </span>
     <span class='ocr_line' id='line_1_28' title="bbox 472 5059 898 5126; baseline 0.005 -3"><span class='ocrx_word' id='word_1_210' title='bbox 472 5064 727 5126; x_wconf 75' lang='grc' dir='ltr'><strong>Ματ1.Χ1153.</strong></span> <span class='ocrx_word' id='word_1_211' title='bbox 894 5059 898 5066; x_wconf 86' lang='lat'>&#39;</span> 
     </span>
    </p>
   </div>
   <div class='ocr_carea' id='block_1_11' title="bbox 0 0 1938 6450">
    <p class='ocr_par' dir='ltr' id='par_1_12' title="bbox 0 0 1938 6450">
     <span class='ocr_line' id='line_1_29' title="bbox 0 0 1938 6450; baseline 0 2"><span class='ocrx_word' id='word_1_212' title='bbox 0 0 1938 6450; x_wconf 95' lang='lat' dir='ltr'><strong> </strong></span> 
     </span>
    </p>
   </div>
  </div>
 </body>
</html>
