3867 6450
1095 1063 1136 1121 22

502 1246 557 1308 Vs.
583 1248 657 1308 534.
727 1238 834 1308 αὖον.
858 1249 969 1310 Attica
998 1265 1073 1311 esse
1095 1242 1183 1327 αὖος,
1205 1248 1344 1309 etalem
1367 1264 1443 1310 cum
1466 1249 1587 1325 spiritu
1611 1266 1728 1325 aspero

502 1363 668 1421 testantur
699 1362 882 1437 composita
911 1359 1042 1438 ἄφαύειν
1076 1364 1110 1423 et
1138 1360 1321 1439 δφαυαίνειν
1348 1364 1383 1423 et
1401 1362 1613 1422 καθαυαίνειν.
1638 1362 1729 1438 Quod

503 1489 621 1535 moneo
651 1478 823 1549 propterea
851 1475 936 1549 quod
963 1475 1088 1551 collega
1111 1476 1164 1537 hic
1185 1477 1220 1537 et
1242 1475 1319 1536 alibi
1343 1475 1407 1547 (vel
1429 1476 1617 1551 nuperrime
1641 1475 1729 1536 lieri.

503 1588 566 1647 307
599 1584 689 1665 ἄρτον
719 1578 806 1658 αὖον)
838 1590 976 1649 retinuit
1002 1590 1157 1663 spiritum
1180 1590 1288 1650 lenem
1312 1591 1442 1663 praeter
1465 1588 1547 1649 Ran.
1574 1590 1648 1664 194,
1675 1588 1729 1648 ubi

503 1704 591 1761 recte
621 1701 722 1762 'edidit
751 1698 900 1761 Αὑαίνου.
931 1734 974 1743 -
1005 1702 1165 1763 Similiter
1194 1702 1378 1777 composito
1406 1700 1592 1761 ααθανύιενν
1614 1699 1728 1761 confir·

502 1817 613 1875 matur
643 1814 780 1890 spiritus
807 1830 903 1889 asper
933 1815 1024 1875 verbi
1047 1816 1138 1876 attici
1162 1812 1293 1891 ἁνύτειν,
1315 1830 1414 1891 quem
1437 1814 1525 1874 idem
1550 1816 1637 1874 recte
1660 1815 1727 1875 ubi·

503 1944 566 2002 qne
589 1929 623 1988 in
647 1928 844 1992 editionibus
867 1932 936 1991 suis
959 1932 1137 1993 revocavit.

503 2130 559 2191 Vs.
584 2133 659 2192 536.
730 2131 776 2193 (li.
801 2133 920 2194 linem.
945 2133 1054 2193 XXIV
1076 2150 1107 2209 p.
1133 2134 1207 2195 297.

502 2332 558 2391 Va.
584 2334 771 2393 555-558.
840 2334 977 2409 Egregie
1000 2335 1031 2396 h.
1051 2335 1073 2395 1.
1093 2335 1277 2396 illustravit
1294 2337 1332 2396 Α.
1346 2335 1499 2396 willems
1517 2336 1551 2395 in
1570 2334 1726 2409 diatriba,

503 2445 580 2505 Les
609 2446 794 2519 Regates
825 2450 845 2506 a
873 2447 1083 2523 Athenes,
1116 2448 1229 2509 Revue
1260 2450 1299 2510 de
1322 2449 1549 2509 l’Instruction
1572 2448 1728 2523 publique

504 2573 544 2618 en
572 2559 728 2633 Belgique
759 2560 850 2621 Tum.
875 2560 1004 2637 XLVII,
1031 2562 1049 2621 2
1072 2561 1146 2623 livr.
1174 2563 1269 2638 1904,
1293 2578 1324 2638 p.
1348 2564 1389 2623 81
1415 2562 1515 2637 suiv„
1540 2561 1596 2620 ubi
1618 2565 1728 2637 μισθο-

504 2670 612 2748 φόρος,
640 2673 809 2733 immerito
840 2674 1058 2735 sollicitatum
1090 2690 1109 2735 a
1135 2676 1330 2737 Leeuwenio
1352 2677 1387 2736 in
1411 2675 1553 2736 editione
1575 2676 1610 2735 et
1631 2689 1652 2733 a
1675 2688 1729 2732 me

503 2785 573 2859 ipso
594 2785 712 2846 linem.
733 2786 754 2847 l.
767 2785 801 2861 l.,
822 2790 910 2848 recte
929 2788 1074 2862 explicat
1096 2790 1288 2851 mercede
1311 2790 1545 2850 conductae
1569 2786 1728 2862 (publicae

504 2898 573 2959 scil.
606 2914 626 2959 a
652 2900 804 2974 privatis)
835 2902 868 2960 et
898 2898 964 2959 καὶ
994 2902 1305 2980 βαρυδαιμονούντων
1339 2902 1405 2963 vel
1441 2902 1728 2962 infortunatis
1832 2879 1833 2946 δ

504 3013 667 3084 (quamvis
692 3014 864 3074 victoriam
888 3029 954 3074 non
977 3016 1239 3089 reportaverint).
1263 3013 1533 3076 ancutiebamus
1556 3014 1672 3075 ambul

504 3228 568 3310 Vs.
584 3228 660 3287 583.
728 3228 885 3289 Mnemon.
906 3229 1015 3289 XXIV
1035 3247 1064 3306 p.
1086 3232 1150 3290 298
1174 3247 1232 3305 pro
1251 3235 1388 3307 ποιηταῖς
1407 3231 1561 3306 proposui
1580 3229 1728 3308 αόοοιοιν.

502 3430 556 3490 Vs.
582 3434 656 3492 597.
726 3429 951 3510 ξυνδιήνεγκαν.
971 3433 1083 3493 Nostri
1096 3448 1176 3493 usus
1196 3433 1408 3493 commendat
1426 3432 1569 3493 sormam
1589 3433 1727 3492 atticam

502 3544 727 3623 ξυνδιήνεγκαν.

503 3743 556 3802 VS.
582 3745 657 3804 598.
769 3743 843 3804 ἀλλὰ
865 3743 920 3804 τάν
942 3754 978 3828 τῇ
1000 3754 1039 3829 γῇ
1063 3740 1118 3821 μὲν
1141 3743 1241 3805 αὐτῶν
1265 3744 1337 3805 οὐκ
1360 3743 1457 3825 ἄγαν
1480 3744 1690 3822 θαυμάζομεν,

767 3856 807 3930 ὡς
831 3854 867 3918 b'r'
895 3859 936 3930 εἰς
960 3858 1011 3930 τὰς
1035 3859 1230 3940 ἱππαγωγοὺς
1254 3859 1421 3938 εἰσεπήδων
1445 3858 1594 3938 ἀνδρικῶς
1617 3858 1674 3920 art.

546 3971 677 4045 Optimo
700 3973 831 4045 quidem
855 3975 925 4034 iure
945 3975 1130 4034 vLeeuwen
1150 3974 1359 4034 coniecturae
1376 3989 1472 4034 meae
1491 3971 1528 4033 ob
1547 3973 1636 4034 νόσον
1655 3974 1726 4043 (lix.

501 4083 578 4144 Grit.
610 4085 695 4160 VH),
728 4102 811 4160 quae
842 4088 915 4146 aliis
945 4088 1083 4164 placuit,
1116 4088 1265 4149 obmovit
1297 4087 1338 4147 ab
1369 4088 1471 4148 attico
1494 4103 1557 4148 usu
1580 4088 1725 4148 alienum

500 4212 573 4258 esse
602 4197 691 4258 νόσον
722 4215 779 4274 pro
809 4208 963 4275 νοοοῦνον,
993 4202 1051 4261 sed
1083 4202 1253 4275 vulgatam
1285 4201 1464 4261 defendens
1494 4216 1559 4261 non
1582 4201 1726 4261 animad·
1832 4170 1833 4249 δ

501 4312 601 4372 vertit
618 4313 665 4371 ita
684 4310 771 4390 dyav,
789 4315 873 4388 quod
898 4315 984 4389 apud
1008 4315 1158 4375 nostrum
1179 4316 1369 4374 constanter
1393 4314 1521 4374 nimis
1545 4313 1725 4390 significat,
1832 4314 1833 4357 ἐ

501 4425 553 4485 bic
584 4426 740 4487 denotare
773 4427 913 4503 valde,
946 4430 984 4488 ut
1014 4428 1188 4502 neglegam
1220 4429 1280 4488 loci
1312 4430 1516 4488 structuram
1546 4429 1608 4503 ita,
1635 4429 1726 4500 quod

498 4539 568 4613 ipse
607 4541 767 4616 concedit,
799 4542 1007 4601 tribuendam
1035 4557 1108 4602 esse
1136 4542 1378 4616 elegantissimi
1400 4545 1517 4616 poetae
1541 4542 1724 4616 impruden-

498 4654 578 4728 tiae,
600 4668 698 4726 quam
723 4656 873 4728 equidem
898 4656 983 4715 baud
1006 4655 1102 4716 facile
1126 4655 1329 4715 admiserim.
1357 4655 1423 4715 Nec
1446 4655 1624 4728 quidquam
1649 4655 1726 4715 huic
1832 4660 1833 4675 l

497 4768 681 4826 structurae
713 4768 844 4842 expedit
876 4769 1103 4842 comparatum
1134 4783 1153 4827 a
1182 4768 1377 4827 Richardsio
1407 4767 1597 4828 Aristotelis
1620 4769 1726 4838 (ouius

497 4879 595 4939 dictio
612 4880 708 4953 longe
721 4880 860 4940 discedit
872 4881 911 4939 ab
929 4881 1195 4954 Aristophanicol
1212 4879 1248 4940 od
1266 4880 1334 4939 λίαν
1350 4880 1424 4941 Eth.
1443 4883 1473 4940 4.
1489 4881 1518 4941 7.
1534 4882 1648 4941 11279
1672 4883 1723 4958 12,

496 5007 557 5052 nee
591 4993 698 5067 magis
733 4994 880 5054 eiusdem
913 4995 1018 5055 critici
1049 4996 1237 5058 coniectura
1267 4993 1307 5066 ὡς
1338 4990 1404 5072 (δ’),
1438 5012 1501 5070 qua
1530 5012 1585 5056 me
1616 4997 1723 5058 iudice

499 5105 625 5164 malum
649 5107 751 5165 etiam
775 5087 961 5181 augeretur.
