3867 6450
679 1099 827 1183 ,ee

200 1287 247 1346 VS.
271 1287 368 1347 1101.
456 1283 527 1345 ὅταν
549 1280 566 1344 ὃ
589 1280 644 1361 μέν
666 1283 750 1367 τείνῃ
773 1283 881 1362 βιαίοις

458 1393 474 1458 ὃ
505 1393 531 1458 ‹1'
567 1394 886 1475 ἐπαναστρέφειν
917 1396 1090 1475 δύνηται

457 1508 777 1589 κάπερείδεσθαι
806 1519 910 1589 τορῶς.

238 1623 335 1684 Recte
358 1621 692 1702 κάπερείδεσθαι
716 1625 896 1686 coniecisse
914 1625 1046 1684 videtur
1066 1624 1221 1702 Blaydes,
1243 1641 1304 1687 nec
1323 1642 1419 1704 sane,

203 1737 226 1796 si
252 1739 283 1798 in
312 1739 425 1798 codice
455 1739 634 1816 legeretur,
666 1753 858 1813 spernerem
889 1737 974 1812 quod
1005 1737 1093 1797 iusto
1116 1739 1274 1800 audacius
1298 1741 1337 1801 de
1360 1757 1421 1801 suo

205 1852 343 1925 reposuit
366 1852 568 1928 vLeeuwen:

459 1961 476 2025 ὃ
507 1959 535 2025 δ’
569 1963 881 2046 έπαναοτροφὴν
911 1973 1079 2042 ποιῆται

460 2073 777 2159 (κάπ1ερείδητιιι
807 2085 909 2158 τορῶς.
992 2055 993 2062 ¹

241 2192 322 2252 llum
353 2208 432 2253 vero
461 2193 630 2253 sententia
663 2193 768 2269 „alter
791 2196 906 2254 autem
928 2191 1037 2267 possit
1061 2195 1117 2262 (sc.
1142 2206 1179 2251 se
1198 2205 1295 2265 posse
1315 2193 1422 2252 osten·

208 2299 266 2383 dat)
290 2307 379 2366 etc.”
402 2305 484 2366 adeo
507 2306 620 2380 inepta
638 2306 696 2382 sit,
721 2309 759 2367 ut
782 2307 918 2366 omnino
943 2305 1072 2366 servari
1095 2319 1160 2364 non
1183 2303 1302 2380 possit,
1325 2304 1425 2366 liceat

208 2415 355 2479 dubitare.
380 2417 510 2494 llelius,
535 2418 569 2476 ni
597 2418 708 2494 fallor,
740 2418 969 2478 huiuscemodi
1001 2417 1211 2478 coniecturae
1234 2415 1268 2475 in
1292 2416 1425 2477 adnota-

209 2530 286 2589 tione
306 2531 423 2592 critica
444 2533 613 2606 ponuntur
631 2544 736 2606 'quam
759 2532 793 2591 in
816 2533 924 2592 textu.

211 2755 258 2815 VS.
282 2759 378 2820 1105.
465 2756 481 2818 ὅ
504 2779 533 2818 τι
554 2779 609 2838 πιρ
633 2749 689 2818 οὖν
712 2756 811 2836 ἔχετον
834 2755 953 2837 ἐρίζειν,

467 2868 598 2951 λέγετον,
620 2868 737 2948 ἔπιτον,
760 2869 1002 2950 ἀναδέρετον

467 2983 503 3042 τοί
525 3005 555 3043 τε
577 2982 691 3044 παλαιὰ
714 2981 764 3043 καὶ
786 2983 823 3044 τὰ
844 2983 951 3062 τοιινοί,
973 2982 1031 3044 uti.

250 3094 386 3158 Debraei
408 3098 595 3158 coniectura
617 3095 676 3156 ἀνά
698 3118 728 3156 τε
751 3094 870 3176 δέρετον
898 3098 1133 3174 (refricate,
1157 3100 1194 3158 ut
1216 3098 1326 3176 ulcus,
1353 3099 1427 3160 coll.

138 3210 139 3223 ¹
215 3207 281 3270 Luc.
305 3211 425 3274 Pseud.
451 3212 508 3291 30)
531 3212 581 3278 sic
604 3214 693 3288 utor,
716 3213 755 3273 ut
777 3212 881 3272 etiam
902 3211 1012 3272 lenius
1035 3212 1216 3287 corrigam:

468 3323 599 3404 λέγετον,
628 3323 739 3385 ἔπιτον·
771 3323 845 3385 ἀνὰ
876 3322 916 3385 δὲ
947 3323 1109 3405 δέρετον
1139 3323 1195 3386 κτέ.

250 3437 330 3499 llam
349 3454 427 3514 prae
445 3439 578 3514 Bergkii
596 3439 734 3499 invento
751 3435 811 3497 ἀνὰ
829 3432 859 3497 δ’
879 3436 1021 3517 ἔρεσθον,
1036 3442 1169 3515 recepto
1186 3440 1429 3515 ateeuwenio,

215 3554 334 3644 praeter
363 3552 524 3613 maiorem
550 3552 725 3612 lenitatem
747 3552 838 3613 favet
861 3552 939 3622 huic
960 3552 1095 3613 lectioni
1117 3555 1188 3613 tam
1210 3554 1318 3628 ipsius
1340 3551 1432 3613 verbi

217 3676 304 3733 quam
328 3664 531 3739 syllabarum
555 3668 624 3725 εἷο-ν
646 3667 698 3725 ter
719 3666 936 3740 repetitarum
960 3664 1012 3725 vis
1036 3666 1175 3726 comica.

218 3885 265 3948 Vs.
289 3892 384 3951 1130.
453 3891 536 3951 Ουτοι
565 3892 759 3952 Leeuwenii-
781 3894 860 3952 nota
891 3892 932 3953 cf.
964 3906 1019 3952 me
1049 3892 1162 3952 Herm.
1195 3892 1266 3968 l.l.,
1301 3894 1433 3952 etcum

217 3998 253 4059 iis
280 4019 361 4077 quae
392 4004 525 4079 scripsit
555 4006 596 4064 ad
623 4020 676 4065 us.
711 4006 932 4066 1132-1133
960 4020 1036 4066 mea
1059 4006 1099 4065 ad
1124 4020 1172 4065 vs.
1200 4005 1286 4065 1133
1311 4006 1433 4065 Mrem.

219 4110 317 4175 XXIV
339 4133 370 4192 p.
394 4117 470 4177 285.

220 4339 268 4403 VS.
293 4346 389 4405 1151.
457 4344 557 4405 Bach.
588 4339 657 4424 λέγ’
692 4341 830 4424 ἕτερον
860 4344 952 4427 αὐτῷ.

256 4456 440 4536 Aeschylus
461 4472 511 4518 vs.
538 4458 624 4519 1126
647 4473 717 4533 sqq.
742 4435 997 4519 citaverattres
1019 4459 1146 4534 primos
1169 4456 1436 4535 choephorerum

220 4582 342 4647 versus,
385 4575 419 4633 et
459 4588 509 4634 vs.
556 4574 639 4633 1137
682 4573 817 4633 iubente
856 4573 1010 4648 Euripide
1046 4573 1192 4647 primum
1223 4572 1436 4647 repetiverat,

221 4694 309 4751 quem
338 4684 454 4745 deinde
484 4685 697 4745 adversarius
726 4688 764 4744 ut
785 4683 1036 4760 ineptissimum
1061 4685 1166 4760 carpit
1190 4700 1239 4745 vs.
1262 4685 1347 4745 1133
1366 4699 1436 4758 sqq.

221 4792 385 4857 llanilesto
414 4799 491 4873 post
521 4797 604 4858 haec
630 4798 794 4873 Bacchus,
820 4799 859 4857 ut
881 4797 1027 4871 reliquos
1049 4797 1132 4858 duos
1155 4797 1222 4857 iam
1246 4798 1375 4871 repetat
1398 4796 1438 4855 ab

219 4905 377 4983 Aeschylo
388 4925 529 4985 poscens
545 4911 597 4980 (cl.
613 4912 698 4972 1152
711 4914 787 4986 su),
806 4925 871 4970 non
887 4911 936 4972 ita
946 4911 1074 4971 dixisse
1085 4909 1269 4971 censendus
1281 4910 1347 4985 est,
1365 4909 1436 4969 sed:

480 5020 566 5101 λέγε
595 5016 723 5101 θάτερ’
758 5021 871 5104 αὐτῷ.

222 5130 240 5190 i.
261 5149 288 5195 e.
321 5134 458 5195 recita
489 5135 525 5194 ei
555 5135 735 5209 reliqua.
