3867 6450
812 1066 853 1123 21

218 1244 277 1315 Vs.
303 1251 368 1310 405
393 1259 426 1311 et
449 1251 513 1311 453
538 1267 607 1325 sqq.
676 1252 747 1311 Vid.
773 1252 892 1312 Mnem.
917 1252 974 1311 l.l.
997 1268 1028 1327 p.
1053 1252 1095 1311 43
1119 1267 1168 1325 sq.

218 1502 277 1563 VS.
305 1504 382 1563 435.
451 1500 488 1562 od
508 1526 552 1562 τοι
574 1538 614 1547 -
634 1504 823 1579 καταπροίξει
843 1503 970 1562 τάλαντα
990 1502 1113 1562 πολλὰ
1132 1499 1245 1578 κλέψας
1264 1501 1444 1580 Ἀθηναίων.

218 1614 358 1690 Recepit
402 1616 585 1675 vLeeuwen
626 1631 723 1675 suam
765 1615 1006 1690 Hartmanique
1048 1616 1271 1676 coniecturam
1287 1634 1298 1651 ·
1313 1612 1444 1689 νιὲνιε,

217 1730 406 1802 speciosam
449 1730 595 1803 quidem,
633 1730 704 1805 sed,
740 1730 816 1802 quia
849 1730 925 1789 ferri
960 1732 1070 1803 potest
1105 1729 1253 1803 vulgata,
1289 1728 1445 1789 incertior

217 1856 320 1914 quam
346 1856 427 1915 quae
452 1843 485 1901 iu
509 1844 605 1902 textu
629 1842 832 1902 admittatur.

221 2093 277 2153 Vs.
303 2093 378 2169 481..
487 2090 543 2171 ἐγώ
566 2108 598 2151 σε
621 2090 659 2167 νὴ
683 2090 735 2151 τὸν
753 2086 901 2167 Ἡρακλέα
924 2100 1166 2171 παραστορῶ.

264 2206 391 2265 quta
413 2222 532 2280 quem
552 2208 696 2279 quaeso?
715 2207 812 2279 Fugit
828 2222 882 2265 me
900 2206 950 2265 vis
966 2206 1229 2281 praepositionis,
1246 2205 1446 2280 Expectatur

218 2329 465 2398 κατασινρῶ,
489 2322 573 2393 quod
595 2319 1005 2408 iuxtaverbumsrmplex
1028 2323 1238 2395 sternere,
1263 2323 1443 2395 proster-

218 2448 322 2493 nere
345 2434 489 2493 denotat.

217 2684 275 2743 Vs.
304 2684 489 2744 boo-507.
559 2684 593 2743 Si
619 2685 705 2744 serio
732 2686 814 2744 haec
836 2685 924 2745 dicta
950 2687 1030 2743 sunt
1052 2685 1149 2757 (quod
1171 2686 1282 2757 potest
1303 2686 1445 2746 fortasse

218 2796 390 2872 dubitari),
415 2799 672 2857 consentaneum
696 2799 748 2857 est
771 2799 808 2857 ut
830 2797 928 2857 choro
951 2798 1004 2857 ius
1027 2797 1126 2857 fuerit
1145 2800 1318 2858 recusandi
1342 2800 1444 2860 docla-

219 2910 405 2970 mationem
429 2910 486 2969 aut
510 2911 644 2969 cantum
668 2911 866 2985 carminum,
892 2925 974 2984 quae
997 2909 1060 2970 sibi
1083 2910 1303 2985 displicerent.

220 3158 278 3220 VS.
304 3159 380 3219 526.
488 3151 549 3217 εἶτα
576 3157 729 3237 Κρατίνου
761 3128 962 3237 μεμνημένος,
985 3154 1018 3231 ὃς
1040 3163 1167 3243 πολλῷ
1195 3159 1339 3240 ῥεύσας
1362 3157 1442 3221 ποτ’

1231 3272 1379 3358 ἐπαίνῳ

489 3382 539 3444 διὰ
561 3393 621 3444 τῶν
645 3384 800 3461 ἀφελῶν
823 3386 935 3446 πεδίων
959 3384 1037 3465 ἔρρει
1061 3384 1117 3446 uri.

266 3498 456 3574 Innumeris
486 3515 588 3573 paene
619 3499 817 3559 coniecturis
847 3499 881 3559 iu
912 3499 1013 3560 verbs
1043 3501 1249 3560 conclamata
1279 3505 1376 3583 πολλῶ
1405 3536 1445 3546 --

221 3611 337 3696 ἐπαίνῳ
368 3612 426 3683 (Of.
450 3614 637 3675 Leeuwenii
661 3617 740 3675 nota
763 3615 889 3688 critica;
910 3617 980 3690 ipse
1003 3617 1156 3690 proposui
1179 3615 1238 3675 Ex.
1268 3614 1345 3676 Grit.
1370 3617 1447 3675 VII:

220 3731 323 3808 πολλῷ
357 3724 398 3807 ῥῶ
432 3734 490 3784 τῶν
525 3725 676 3803 ἐπινοιῶν,
714 3728 775 3788 sed
803 3729 890 3788 iusto
926 3729 1058 3801 gravior
1086 3730 1138 3788 est
1165 3730 1317 3799 mutatio)
1346 3745 1449 3805 nuper

221 3855 312 3900 nova
350 3818 490 3900 accessit
528 3839 680 3900 Verrallii
718 3841 862 3915 suspicio
896 3842 1070 3900 lenissima
1110 3843 1256 3916 quidem,
1296 3843 1354 3902 sed
1395 3858 1449 3903 me

222 3953 331 4013 iudice
369 3952 494 4013 doctior
532 3955 566 4014 et
605 3954 730 4014 acutior
765 3969 864 4028 quam
898 3954 1096 4030 probabilior
1120 3956 1195 4024 (olet
1231 3956 1328 4017 enim.
1350 3955 1464 4016 lucer.

222 4081 305 4126 nam
343 4082 402 4126 nec
443 4067 549 4141 spirat
589 4067 758 4141 ingenium
786 4068 944 4129 stilumve
991 4063 1283 4149 Aristophaneum)
1317 4072 1450 4143 postam

222 4179 399 4254 scripsisse
430 4178 548 4239 etri.
572 4180 734 4258 ἱρεύσας
762 4176 845 4240 νιοι’
881 4178 1061 4264 Ἑααίνῳ.
1086 4182 1188 4241 -In
1219 4184 1450 4257 Mnemosyncs

223 4292 245 4353 l.
271 4291 294 4353 1.
324 4309 354 4368 p.
385 4295 428 4352 43
464 4308 522 4368 pro
556 4290 688 4370 ἀφελῶν,
718 4295 802 4368 quod
833 4294 959 4355 frustra
989 4297 1102 4355 tuetur
1133 4296 1330 4371 vLeeuwen,
1362 4297 1449 4356 dubi-

223 4405 392 4465 tabundus
419 4406 575 4480 proposui
598 4402 726 4483 ὁμαλῶν.
757 4408 862 4469 Hodie
893 4424 971 4468 vero
1005 4409 1112 4469 literis
1145 4410 1277 4468 traditis
1306 4409 1453 4483 pressius

224 4519 386 4580 insistens
420 4521 609 4596 scripserim
644 4523 755 4597 potius
790 4519 960 4596 ἀφνεῶν,
994 4538 1064 4597 per
1099 4524 1303 4596 opulenta
1339 4518 1451 4603 (laeta)

225 4637 366 4710 prata,
401 4635 473 4694 coll.
504 4635 675 4696 Pindarico
699 4636 804 4711 (Pyth.
829 4635 886 4696 XI.
914 4636 964 4706 15)
997 4633 1124 4711 ἀφνεαῖς
1155 4634 1327 4713 ἀρούραισι,
1357 4637 1453 4710 quale

224 4748 393 4821 poeticum
428 4748 624 4808 vocabulum
653 4749 750 4831 buius
781 4751 843 4810 loci
873 4750 1115 4810 sublimitatem
1146 4749 1305 4824 apprimis
1339 4750 1453 4810 decere

227 4861 370 4922 videtur.

227 5102 283 5161 Vs.
310 5101 384 5160 529.
454 5101 642 5163 Lectionem
665 5103 822 5163 traditam
845 5101 1052 5181 αραμβόιαιον
1076 5103 1208 5165 defendi
1230 5103 1349 5164 Mnem.
1373 5101 1430 5162 1.].
