3867 6450
122 329 251 683 [⁷
482 329 603 338 ἡ*
619 329 831 342 “’““““““““”“““
853 329 1129 342 ““““““““““““““““““““
1146 329 1161 339 ““
1204 329 1210 340 “
1281 329 1324 341 “-
1353 329 1364 343 “
1389 329 1397 342 “
1562 329 1566 343 ¹
1588 329 1631 346 Ι.
1800 329 1831 347 ’Ὗ

1116 411 1121 421 .

761 1040 823 1100 117

187 1229 234 1287 Vs.
257 1230 337 1287 464.
410 1229 487 1288 Post
509 1229 541 1288 h.
566 1243 616 1288 vs.
640 1229 795 1288 lacunam
819 1228 923 1288 sumit
943 1225 1099 1286 Mainake.
1120 1223 1208 1283 Nihil
1227 1238 1309 1298 opus
1328 1222 1403 1296 erit,

187 1345 277 1402 sius.
303 1345 376 1404 465
400 1344 559 1419 Biepyrus
582 1343 804 1418 responderit:

257 1455 265 1462 “
451 1455 587 1516 δεινὸν
617 1450 645 1515 d’
679 1453 809 1516 ἐκεῖνο
839 1459 934 1514 τοῖσιν
957 1449 1087 1531 ἡλίκοισι
1110 1462 1187 1535 νῷν,
1209 1448 1267 1510 κιὲ.

188 1585 238 1642 pro
259 1567 361 1629 ἐκεῖνο
386 1566 493 1630 δεινὸν.

106 1761 108 1816 ί
190 1795 239 1854 Vs.
262 1797 342 1857 495.
451 1793 492 1872 μὴ
515 1797 568 1854 καί
588 1817 631 1866 τις
655 1790 748 1870 ὄψεθ’
773 1791 852 1873 ἡμᾶς

452 1905 555 1988 χήμῶν
578 1907 649 1980 ἴσως
672 1907 806 1991 κατείπῃ.

228 2025 321 2084 Iuste
347 2024 524 2084 violentius
547 2024 732 2083 vLeeuwen
756 2025 878 2083 tentat:

453 2136 493 2214 μὴ
515 2135 569 2196 κσιί
589 2158 632 2206 τις
654 2131 728 2213 ἡμῖν
752 2134 880 2215 ἐντυχὼν

453 2255 514 2322 τοῖς
537 2236 684 2328 ἀνδράσιν
706 2249 841 2329 κατείπῃ.

230 2367 395 2428 Posterior
411 2365 596 2427 versiculus
611 2379 714 2424 sanus
726 2366 792 2441 esi,
812 2367 845 2425 et
857 2365 891 2424 in
903 2357 1010 2439 priore
1022 2363 1252 2437 corrigendum
1265 2359 1412 2420 videtur:

455 2480 496 2559 μὴ
524 2489 638 2561 (γνῷ)
665 2503 708 2550 τις
730 2475 809 2556 ἡμᾶς
833 2476 971 2556 ἐντυχὼν.

235 2596 320 2657 Male
349 2597 437 2658 enim
464 2594 610 2656 abundat
629 2593 747 2656 vocula
776 2590 841 2669 καὶ,
871 2593 1027 2666 quoniam
1055 2588 1087 2650 cd
1119 2587 1160 2666 μὴ
1190 2587 1353 2667 βραδύνειν
1379 2586 1413 2644 in

195 2711 393 2785 praegressis
423 2712 501 2771 hac
530 2711 621 2771 sola
653 2711 700 2770 de
733 2723 862 2769 causa
892 2705 1156 2768 commendatur.

195 2934 247 2996 Vs.
272 2940 337 2999 503
360 2938 533 2999 tentabam
551 2939 671 2997 Mnem.
692 2936 723 2995 X
741 2953 771 3012 p.
791 2937 834 2995 82
854 2896 918 3012 su„
939 2936 998 2995 sed
1017 2933 1204 2994 rectissime
1228 2930 1413 2989 vLeeuwen

195 3053 347 3120 praetulit
367 3051 524 3113 Palmerii
546 3051 781 3111 coniecturam.

197 3273 249 3335 Vs.
273 3280 347 3340 508.
423 3280 524 3341 Recte
556 3279 643 3338 idem
675 3281 851 3337 λανωνινῶν
882 3276 1029 3352 reposuit
1059 3290 1116 3350 pru
1146 3269 1305 3332 κοινωνικόν.
1340 3270 1414 3343 Ipse

196 3393 270 3451 ante
291 3396 346 3453 aut
363 3395 440 3468 post
460 3392 737 3453 0.Schneiderum
762 3392 887 3465 (ignoro
907 3390 1007 3459 enim)
1027 3390 1148 3449 Mnem.
1167 3385 1276 3446 XXIV
1299 3398 1329 3458 p.
1350 3384 1415 3442 304

196 3502 396 3567 tentaveram
419 3506 606 3584 κωγωνικάς.

199 3727 251 3789 Vs.
272 3735 333 3794 525
352 3749 401 3807 sq.
471 3731 594 3793 contra
612 3731 812 3805 Madvigium
833 3731 915 3790 haec
932 3731 1120 3789 tentantem
1139 3726 1308 3800 disputavi
1322 3723 1415 3784 Stud.

201 3843 269 3905 crit.
288 3863 316 3921 p.
337 3848 389 3922 72,
411 3846 467 3907 ubi
487 3845 612 3906 contuli
630 3845 705 3905 Eur.
726 3844 843 3904 Troad.
864 3845 939 3904 761.
955 3842 1135 3902 -Ibidem
1154 3839 1207 3914 egi
1224 3839 1264 3898 de
1276 3854 1325 3898 vs.
1340 3838 1415 3898 581.

201 4066 253 4130 Vs.
278 4074 350 4133 587.
419 4073 498 4132 Mihi
521 4073 654 4146 quidem
677 4071 789 4131 minus
812 4071 936 4130 arridet
961 4070 1150 4130 Leeuwenii
1173 4084 1272 4143 quam
1296 4068 1420 4141 recepit

202 4185 381 4246 coniectura
394 4182 401 4197 '
414 4184 508 4261 αὐτῆς
542 4182 634 4263 ἀρχῆς
672 4199 774 4258 quam
808 4183 996 4258 Bergkiana
1026 4178 1117 4259 ἄλλης
1147 4178 1306 4260 ἀρετῆς,
1336 4195 1419 4254 quae

200 4292 326 4358 fulcitur
350 4298 472 4358 similis
501 4298 581 4357 alibi
610 4297 813 4357 confusionis
843 4296 1007 4370 exemplis
1030 4293 1265 4355 vocabulorum
1289 4292 1364 4373 ἀρχή
1388 4296 1421 4354 et

202 4403 292 4489 ἀρετή.
318 4414 381 4473 Sed
404 4412 599 4487 planissime
622 4412 788 4472 assentior
811 4411 927 4471 editori
950 4425 1000 4470 vs.
1025 4412 1089 4469 575
1113 4406 1260 4470 mutanti
1290 4406 1422 4471 ἐπίνοια

201 4521 232 4581 in
254 4522 382 4602 εὔνοια,
409 4526 458 4585 ita
480 4528 594 4585 tamen
619 4526 655 4584 ut
679 4524 780 4584 simui
804 4539 881 4584 cum
904 4522 1097 4583 Marklando
1116 4524 1282 4597 requiram
1300 4522 1422 4603 γνώμης

202 4649 255 4709 pro
276 4639 413 4718 γλώττης.
439 4639 523 4700 Nam
546 4637 702 4718 γνώμης
727 4635 865 4697 εὔνοια
890 4639 1067 4697 contextus
1090 4638 1259 4713 postulare
1281 4637 1421 4697 videtur.

201 4862 252 4926 Vs.
277 4868 351 4927 590.
422 4867 538 4952 Herm.
559 4864 669 4925 XXIV
687 4866 708 4924 l.
722 4864 743 4923 l.
765 4863 960 4938 impugnavi
980 4863 1147 4936 Blaydesii
1159 4876 1304 4922 errorem
1317 4860 1423 4935 φάσκω

200 4979 430 5040 substituentis
453 4995 512 5055 pro
536 4978 639 5054 φήσω,
662 4978 692 5037 si
718 4976 794 5049 quid
817 4976 863 5035 sit
886 4977 1100 5051 mutandum,
1125 4974 1197 5035 coll.
1222 4972 1304 5033 Nub.
1328 4974 1424 5047 1009,

199 5091 297 5169 φράζω
321 5093 570 5152 commendans.
599 5091 699 5150 Recte
725 5091 840 5148 tamen
872 5089 1022 5148 futurum
1045 5087 1132 5148 tueri
1154 5087 1286 5147 videtur
1309 5086 1424 5147 editor.

253 5197 322 5241 sn.
1316 5191 1344 5233 s·
