3867 6450
1096 1064 1140 1123 46

504 1246 585 1329 ἱερόν
614 1251 648 1311 et
677 1248 807 1311 facilius
836 1248 919 1311 elabi
951 1248 1058 1325 potuit
1086 1248 1230 1309 similius
1260 1244 1360 1327 εὑρεῖν
1389 1251 1423 1309 et
1445 1262 1503 1324 pro
1526 1248 1593 1309 bac
1616 1247 1740 1308 coniec-

505 1366 580 1423 tura
602 1363 682 1425 ieoit
702 1362 857 1437 frequens
880 1361 979 1423 buius
1003 1361 1093 1424 verbi
1116 1361 1279 1437 copulatio
1303 1375 1378 1422 oum
1400 1361 1615 1422 substentivo
1640 1360 1742 1438 πόρος.

506 1577 563 1639 Vs.
587 1578 663 1639 319.
860 1570 920 1637 ἀλλ’
945 1574 983 1637 οὗ
1006 1574 1063 1657 γὰρ
1086 1575 1150 1649 οἰός
1173 1569 1194 1638 τ’
1220 1570 1273 1655 rip’

862 1688 994 1773 ᾄδειν,
1015 1688 1045 1750 εί
1064 1688 1191 1767 ποήοως

551 1802 682 1865 Stnrkio
712 1802 825 1865 nescio
859 1818 900 1865 an
935 1804 1006 1865 iure
1035 1804 1207 1880 displiceat
1239 1806 1311 1865 tum
1344 1804 1510 1880 Bleydesii
1544 1803 1742 1865 coniectura

507 1908 569 1987 οἷός
599 1910 620 1975 ι’
653 1913 804 1995 ἐκβαίνειν
835 1918 966 1993 propter
996 1918 1159 1979 omissum
1189 1916 1252 1995 εἰμί
1275 1933 1375 1993 quam
1404 1917 1654 1979 Leeuweniana
1677 1907 1741 1974 οἶόν

505 2023 525 2087 ι’
548 2026 686 2111 ἐξᾴιιειν,
704 2030 842 2091 verbum
862 2030 893 2091 h.
907 2030 928 2091 l.
948 2030 1061 2092 minus
1080 2032 1196 2107 aptum
1216 2046 1317 2105 quem
1336 2046 1386 2093 vs.
1409 2032 1482 2092 120.
1503 2030 1581 2091 Mihi
1602 2029 1740 2104 quidem

507 2144 643 2217 utroque
666 2142 868 2219 probabilius
892 2142 1036 2204 videtur:

862 2250 920 2315 ἀλλ’
947 2254 984 2317 οὐ
1008 2254 1065 2336 γὰρ
1088 2249 1152 2329 οἷός
1175 2250 1195 2317 τ’
1222 2251 1275 2335 εἴμ’

863 2366 1016 2448 ἐλθεῖν,
1038 2368 1067 2429 τί
1087 2368 1214 2448 ποήοοο;

508 2482 581 2544 ooli.
604 2482 660 2557 ido.
688 2482 748 2544 181
773 2484 808 2543 et
830 2482 952 2558 Lysist.
981 2484 1076 2545 1157.

509 2698 564 2759 Vs.
589 2697 664 2759 338.
731 2696 804 2758 Vid.
829 2696 948 2759 tinem.
972 2698 1028 2760 1.1.
1053 2714 1083 2775 p.
1109 2700 1185 2760 444.

511 2914 564 2977 Vs.
587 2915 664 2975 341.
734 2914 814 2975 Miro
844 2928 1009 2975 consensu
1039 2914 1073 2973 in
1104 2914 1220 2975 multis
1246 2914 1359 2985 (etiam
1384 2914 1569 2985 starkiana)
1593 2915 1740 2974 editione

509 3030 707 3103 propagatur
730 3029 885 3101 typorum
909 3026 1028 3088 vitium
1054 3020 1149 3086 ἐσθ’·
1174 3024 1239 3107 ἐγώ.

508 3244 565 3303 Vs.
589 3244 665 3304 343.
734 3243 957 3304 Alienissimis
987 3243 1150 3319 exemplis
1180 3243 1308 3304 Starkie
1334 3246 1448 3304 tuetur
1474 3239 1740 3322 Δημολογοκλέων,

510 3357 632 3417 cornice
655 3357 822 3418 detortum
845 3359 893 3427 (ut
917 3357 979 3431 ipsi
1004 3357 1143 3428 videtur)
1166 3373 1225 3431 pro
1245 3353 1447 3432 Βδελυκλέων,
1464 3357 1521 3417 sed
1540 3359 1631 3417 recte
1651 3355 1737 3415 idem

509 3470 653 3546 explicat
675 3471 847 3545 sequentia
870 3471 1038 3531 immerito
1062 3471 1239 3532 sollicitato
1262 3487 1282 3531 o
1304 3447 1512 3531 Leeuwenio.

509 3685 565 3745 Vs.
590 3685 665 3746 352.
744 3686 868 3745 Sanum
905 3698 978 3744 esse
1008 3699 1074 3745 non
1105 3699 1200 3759 posse
1231 3685 1318 3744 hunc
1349 3700 1483 3746 versum
1513 3682 1738 3744 animadverti

509 3797 530 3857 i.
554 3798 587 3871 1.,
612 3798 717 3858 citans
740 3797 970 3858 Valckenaerii
993 3799 1218 3858 coniecturam
1241 3795 1332 3856 οὐδέν
1355 3813 1414 3874 pro
1438 3797 1475 3857 οὐ
1500 3792 1529 3856 δ’
1557 3796 1591 3856 ελ.

555 3909 648 3971 Nunc
670 3910 799 3971 felicius
823 3909 965 3970 Starkie:
1825 3982 1826 3997 χ

776 4021 874 4082 πάντα
901 4021 1069 4101 πέφαρκται
1092 4021 1167 4082 κούκ
1190 4021 1269 4082 ἔστιν
1300 4019 1374 4100 ὀπή
1404 4018 1432 4103 γ’
1459 4029 1527 4100 (pro
1552 4019 1641 4100 ὀπῆς)
1666 4015 1733 4082 οὐδ’
1825 4016 1826 4061 i

1323 4136 1350 4196 εἰ
1372 4134 1472 4221 σέρφῳ
1496 4137 1649 4196 διαδῦναι.

557 4250 619 4308 Καί
643 4284 682 4293 -
706 4270 752 4330 γε,
776 4252 901 4324 atque
925 4250 1037 4311 adeo.

512 4452 567 4512 VS.
593 4453 667 4515 357.
736 4454 827 4514 Licet
844 4451 970 4512 nemini
990 4453 1101 4513 videar
1119 4453 1338 4529 persuasisse,
1360 4454 1473 4514 Herm.
1493 4451 1602 4513 XXIV
1619 4467 1652 4526 p.
1674 4450 1735 4511 613
1824 4412 1825 4491 4

511 4565 695 4626 sollicitans
717 4565 854 4625 verbum
877 4562 1027 4640 κλέπτειν,
1050 4565 1211 4639 hodieque
1234 4569 1372 4641 expecto
1397 4566 1534 4627 verbum
1558 4565 1644 4640 quod
1668 4576 1734 4623 rem

511 4679 658 4755 denotet,
683 4679 716 4738 in
741 4693 804 4752 qua
823 4678 995 4738 iuventute
1018 4693 1101 4753 opus
1124 4679 1169 4738 sit
1188 4682 1222 4739 et
1242 4679 1366 4740 viribus
1385 4694 1422 4739 ao
1442 4679 1630 4754 velocitate,
1654 4673 1735 4751 quod
1823 4736 1824 4755 ¹

511 4795 623 4851 utrum
647 4791 748 4868 πηδᾶν
772 4791 823 4861 (ci.
849 4792 925 4860 355)
949 4791 1049 4851 fuerit
1073 4806 1114 4851 an
1138 4791 1226 4852 aliud
1249 4792 1375 4868 ignoro

514 4988 586 5048 Vsu.
611 4990 690 5062 367;
716 4990 795 5062 3983
818 4990 898 5062 425;
923 4990 985 5048 431
995 5007 1003 5062 ;
1024 4990 1104 5064 4363
1125 4991 1205 5063 446;
1227 4990 1306 5063 448;
1328 4990 1404 5051 477.
1473 4988 1521 5051 ci.
1542 4988 1662 5049 Mnem.
1682 4986 1734 5047 ti.
1822 5072 1823 5107 1

513 5118 543 5175 p.
568 5103 633 5162 444
657 5115 705 5175 su.
