3867 6450
680 1648 775 1727 AD
818 1646 1084 1726 PACEM.

783 1940 975 1949 ---———-

311 2159 393 2218 Post
426 2174 478 2219 me
509 2158 621 2233 (Lugd.
649 2158 719 2219 Bat.
751 2172 791 2233 ap
822 2156 1093 2232 Awsytnofflum
1120 2158 1215 2229 1897)
1239 2159 1325 2218 hanc
1347 2158 1492 2219 tabulam

258 2270 370 2331 edidit
399 2270 560 2345 elegantis
585 2271 709 2346 ingenii
738 2271 787 2331 uir
814 2271 849 2331 P.
881 2271 1000 2331 anon
1023 2272 1170 2341 (Parisiis
1201 2286 1252 2346 ap.
1279 2272 1491 2333 Hachettium

264 2384 379 2453 1904).
409 2385 460 2445 Ad
491 2386 584 2445 cuius
613 2386 840 2445 recensionem
870 2400 973 2460 nuper
1004 2386 1086 2445 mihi
1112 2386 1268 2446 donatam
1297 2385 1337 2445 ab
1361 2388 1493 2446 auctore

260 2497 427 2558 nonnulla
456 2498 569 2571 gratus
600 2498 728 2559 notabo.
768 2498 962 2558 adscribam
993 2498 1096 2574 locos,
1129 2497 1183 2558 ubi
1213 2502 1289 2558 ante
1312 2500 1492 2559 editionem

261 2626 380 2672 meam
403 2612 474 2672 eive
495 2615 584 2673 recte
606 2613 678 2673 eive
701 2626 797 2673 secus
821 2612 874 2686 egi
897 2613 936 2673 de
959 2613 1111 2687 singulis.

262 2860 325 2922 Vs.
352 2864 380 2923 1.
489 2854 552 2938 Aip'
578 2855 642 2941 αἶρε
665 2862 760 2939 μᾶζαν
783 2858 823 2933 ὡς
846 2861 964 2939 τάχιστα
988 2862 1141 2946 κανθάρῳ.

314 2974 385 3034 Non
415 2974 582 3050 illepidam
620 2976 783 3036 rationem
813 2975 1018 3049 excogitavit
1049 2976 1177 3050 Mazon,
1209 2989 1273 3048 qua
1304 2990 1323 3034 a
1353 2974 1491 3050 Kiehlii,

262 3104 352 3163 quae
382 3089 496 3149 multia
527 3092 560 3149 et
590 3088 665 3148 aliie
695 3090 728 3149 et
758 3089 840 3148 milri
870 3089 1050 3164 placuerat,
1075 3088 1261 3150 coniectura
1282 3086 1323 3159 ὡς
1346 3088 1431 3166 τάχος
1453 3098 1492 3169 τῷ

262 3200 413 3290 κανθάρῳ
446 3202 605 3263 librorum
638 3202 814 3264 lectionem
848 3183 1046 3264 defenderet.
1070 3203 1205 3277 -Nempe
1240 3202 1365 3262 maiore
1398 3202 1494 3262 litera

262 3316 400 3392 initiali,
433 3318 469 3376 ut
493 3317 538 3377 eit
562 3332 683 3377 nomen
706 3317 887 3392 proprium,
912 3317 1002 3378 dedit
1028 3315 1196 3399 Κανθάρῳ,
1218 3316 1334 3390 gallice
1358 3319 1493 3377 vertens

263 3444 371 3504 pour
393 3430 608 3490 monsieur
632 3429 848 3490 Scarabee.
879 3429 912 3490 Si
936 3445 971 3491 re
997 3444 1075 3490 vera
1099 3432 1152 3489 eat
1169 3445 1290 3490 nomen
1311 3429 1491 3505 proprium,

263 3541 418 3615 equidem
452 3543 562 3617 potius
596 3541 789 3602 crediderim
824 3542 926 3603 alludi
961 3543 1001 3603 ad
1036 3545 1152 3602 notum
1187 3542 1320 3602 heroem
1353 3541 1491 3602 atticum

263 3653 486 3730 cantharum,
530 3655 582 3714 cui
616 3655 668 3728 pie
702 3655 829 3715 scilicet
863 3655 975 3715 offae
1009 3655 1135 3729 lqtralee
1170 3657 1274 3723 verol)
1310 3654 1492 3715 offerendae

262 3768 356 3827 dicat
378 3767 546 3828 verniliter
569 3768 682 3827 iocans
705 3782 822 3828 servus
845 3769 941 3842 prior.

264 4019 323 4079 VS.
349 4020 379 4079 2.
488 4013 567 4079 Ἰδοὺ
591 4017 643 4091 δὸς
666 4018 761 4100 αὐτῷ,
783 4028 822 4101 τῷ
847 4014 967 4079 κάκιστ’·
982 4015 1178 4102 ἀπολουμένῳ

312 4131 424 4192 Tacite
442 4147 574 4194 mecum
590 4135 666 4208 post
682 4131 762 4214 αὐτῷ
779 4133 933 4193 distinxit
947 4147 1053 4192 novus
1064 4133 1179 4192 editor.
1193 4131 1239 4192 cl.
1252 4132 1372 4215 Mnem.
1384 4131 1493 4191 XXIV

263 4260 297 4319 p.
324 4246 399 4306 266.
425 4278 465 4288 -
490 4245 536 4306 De
559 4261 608 4307 vs.
633 4247 653 4306 3
678 4246 717 4306 cl.
742 4246 798 4306 l.l.

264 4496 323 4556 Vs.
350 4497 401 4557 15.
513 4495 617 4573 Αἱβοῖ·
642 4491 709 4575 φέρ’
735 4493 840 4575 ἄλλην,
865 4494 992 4576 χάτέραν
1015 4519 1066 4573 μοι
1089 4494 1215 4575 χάτέραν

512 4609 563 4666 καὶ
585 4602 660 4685 τρῖβ’
688 4605 831 4683 ἑτέρας.
857 4607 955 4683 Β.μὰ
978 4607 1029 4667 τὸν
1048 4603 1196 4684 Ἀπόλλω,
1216 4602 1270 4687 ’γὼ
1294 4604 1348 4686 pio
1372 4605 1418 4667 οὔ.
1451 4608 1454 4614 ’

312 4721 365 4780 Sic
395 4720 500 4780 invito
530 4722 637 4781 metro
664 4721 800 4781 codices.
828 4722 1003 4796 Perperam
1028 4737 1070 4782 ex
1093 4721 1212 4781 Aldina
1235 4721 1347 4781 Maron
1370 4721 1500 4795 recepit·

265 4829 365 4910 ἓτέρας
392 4853 438 4910 γε,
466 4833 728 4906 quandoquidem
752 4833 807 4893 hic
829 4833 992 4894 formulae
1016 4831 1066 4892 καὶ
1092 4867 1129 4876 -
1154 4854 1203 4912 γε,
1225 4835 1351 4906 atque
1374 4833 1491 4905 adeo,

264 4945 444 5006 manifesto
476 4945 569 5006 locus
595 4961 660 5006 non
687 4947 751 5023 est,
776 4947 873 5020 idque
896 4949 1009 5022 spreta
1032 4947 1176 5007 evidenti
1198 4943 1377 5022 Dindorlli,⁴
1392 4937 1498 5018 quam

265 5057 390 5134 recepi,
416 5058 647 5118 emendatione
674 5052 780 5122 (ἔθ’)
808 5055 916 5137 ἐτέρας.
