3867 6450
832 1000 872 1059 87

220 1187 284 1247 Vs.
316 1188 419 1248 1050.
491 1185 764 1247 Emendationem
791 1201 901 1245 meam
921 1182 1123 1263 ἀστεροπητὴς
1141 1200 1197 1258 pro
1215 1179 1338 1261 αἰθέρος
1362 1179 1469 1261 ἀστὴρ,

222 1301 306 1362 coll.
333 1303 438 1377 Soph.
464 1302 546 1401 Pbil.
575 1302 673 1377 1198,
698 1301 821 1374 recepit
845 1300 1038 1360 vLeeuwen.

223 1528 286 1588 Vs.
318 1529 422 1590 1120.
531 1528 587 1589 οὐκ
608 1523 797 1605 ,ἐπτόνηθ
831 1523 877 1586 ἄν
909 1519 938 1584 σ’
971 1523 1043 1585 αὐτὸ
1075 1524 1233 1604 πυγίζις
1265 1521 1378 1604 ἄγων.

271 1642 484 1703 Difficillime
506 1643 582 1703 bino
605 1642 734 1702 elicitur
756 1655 874 1701 sensus
894 1655 992 1714 quem
1013 1639 1116 1699 voluit
1136 1639 1331 1717 vLeeuwen.
1352 1638 1468 1700 Melius

223 1755 434 1830 intellegam
458 1770 590 1815 versum
615 1756 663 1815 sio
686 1754 862 1829 scriptum:
1360 1763 1361 1766 ’

398 1865 455 1928 οὐκ
482 1862 661 1946 inruunt?
688 1864 733 1926 bv
757 1865 935 1943 (ἐπτόνησας
959 1867 997 1935 R)
1022 1863 1095 1924 αὐτὸ
1118 1866 1304 1945 πυγίζειν
1328 1860 1356 1925 o’
1384 1863 1465 1944 ἐγώ.

225 2095 289 2156 Vs.
321 2098 419 2158 1156.
471 2096 636 2156 servatis
666 2095 787 2156 codicis
816 2094 1020 2154 Ravennatis
1050 2092 1246 2154 lectionibus
1275 2089 1404 2169 ἤλθετον
1435 2093 1468 2152 et

226 2206 411 2284 ἀφίκεσθον
434 2209 572 2270 conicio:

508 2321 535 2381 εἰ
555 2320 701 2400 πρότερον
724 2316 785 2380 ποτ’
813 2318 931 2396 ἐπηκόω

507 2432 635 2513 ἤλθετον
657 2431 745 2512 ἡμῖν,
770 2442 829 2493 νῦν
851 2432 1030 2510 ἀφίκεσθον,

228 2549 358 2610 deletis
388 2549 500 2609 verbis
530 2549 756 2623 sequentibus,
781 2546 827 2608 01.
851 2548 1038 2609 Leeuwenii
1061 2551 1147 2607 nota.
1169 2546 1392 2607 Librariorum
1416 2549 1467 2606 est

228 2662 444 2723 substituere
467 2661 606 2736 pluralia
627 2677 684 2736 pro
708 2661 875 2737 dualibus,
900 2676 967 2721 non
991 2660 1119 2732 ratione
1142 2660 1285 2720 inversa.
1384 2738 1386 2743 ,

229 2889 297 2948 Vs.
324 2888 422 2948 1181.
490 2887 608 2948 Muem.
630 2886 760 2947 XXXII
783 2887 804 2947 l.
826 2886 847 2946 l.
871 2887 1025 2961 proposui
1048 2882 1139 2957 ἄνες
1163 2881 1231 2962 μὲν
1254 2901 1312 2960 pro
1335 2882 1465 2945 ἄνωθεν.

229 3114 297 3174 Vs.
324 3114 422 3173 1202.
490 3113 609 3174 tinem.
634 3113 665 3172 X
689 3129 718 3188 p.
744 3115 786 3173 00
811 3129 874 3188 sq„
904 3113 975 3174 coll.
1000 3114 1082 3173 Ran.
1108 3115 1187 3189 965,
1213 3114 1337 3175 conieci
1364 3111 1461 3176 <cb>

230 3226 469 3306 ταυταμενὶ.

230 3433 293 3493 Vs.
323 3432 421 3491 1224.
456 3432 461 3438 ’
489 3432 635 3506 Append.
654 3431 695 3491 ad
715 3431 807 3491 Stud.
828 3431 899 3491 crit.
919 3447 950 3505 p.
966 3432 1007 3492 26
1021 3431 1212 3505 ignorabam
1225 3431 1292 3491 iam
1305 3429 1464 3491 Cobetum
1559 3416 1562 3419 ’

230 3549 316 3607 ante
342 3560 396 3606 me
420 3547 452 3606 h.
476 3547 496 3606 1.
522 3548 729 3607 emendasse.
754 3544 801 3606 Of.
825 3547 1012 3607 Leeuwenii
1036 3548 1123 3606 nota.
1315 3560 1316 3563 ’

646 4228 741 4306 AD
795 4228 1060 4312 RANAS.

232 4598 296 4659 Vs.
323 4597 378 4656 20.
486 4596 529 4656 ὅτι
551 4598 687 4676 θλίβεται
709 4594 763 4675 μὲν
794 4591 823 4678 (ὁ
846 4597 1014 4676 τράχηλος),
1043 4596 1075 4657 τὸ
1099 4593 1132 4657 δὲ
1154 4594 1270 4676 γέλοιον
1294 4596 1350 4657 οὐκ
1373 4594 1464 4673 ἕρει.

283 4711 378 4771 Haeo
410 4709 568 4772 librorum
603 4712 714 4787 lectio,
755 4727 855 4785 quam
894 4727 970 4772 oum
1005 4710 1126 4772 Oobeto
1155 4700 1195 4772 'in
1230 4709 1285 4788 ἐρῶ
1320 4710 1465 4770 mutavit

235 4824 362 4899 editor,
393 4827 463 4884 tam
494 4825 624 4899 egregie
657 4824 798 4890 absurda
828 4828 894 4900 est,
928 4827 964 4885 ut
995 4840 1098 4899 paene
1128 4838 1323 4884 succenseas
1347 4823 1387 4882 iis
1411 4823 1466 4897 qui

232 4934 287 5018 (ut
319 4938 421 4998 etiam
451 4937 632 4998 novissime
663 4938 687 4996 Ε
718 4938 798 4998 Grai
821 4938 854 4997 iu
878 4937 1047 5012 Philologo
1071 4953 1099 4998 a.
1127 4939 1226 5012 1890,
1252 4936 1371 4997 collato
1394 4936 1466 4996 soil.

234 5037 361 5127 Again.
385 5045 477 5129 3291)
501 5050 573 5113 eius
596 5050 812 5125 patrocinium
836 5053 1063 5125 susceperunt.
1120 5129 1123 5135 ,
