3867 6450
861 1047 878 1105 7

257 1240 315 1300 VS.
341 1240 415 1300 348.
525 1234 628 1318 ὀλίγον
652 1232 680 1297 δ’
707 1232 866 1297 ἀπέθανον
889 1233 1043 1316 ἄνθρακες
1067 1237 1247 1317 Παρνήσιοι.
1351 1269 1358 1285 x

303 1354 369 1412 Aut
399 1366 474 1413 cum
498 1351 702 1426 Tyrrhwitto
726 1344 898 1426 ἀπεθάνεί,
920 1346 1073 1430 ἄνθρακες
1096 1352 1305 1415 scribendum
1325 1355 1480 1434 arbitror,

256 1467 314 1526 eut
331 1465 442 1526 addito
460 1464 598 1525 articulo
618 1462 777 1543 ἄνθρακες·
793 1461 880 1527 <οἱ>
898 1462 1168 1543 ’Πορνήο<σ>ιοι.
1185 1465 1237 1526 Ita
1252 1467 1341 1527 enim
1354 1469 1482 1546 duplice

255 1579 402 1653 sigmate
425 1578 636 1640 scribendum
659 1592 733 1639 esse
748 1577 837 1638 tituli
856 1577 984 1637 docent.
1005 1575 1052 1638 (ll.
1071 1578 1482 1656 Meisterhansschwyzer

257 1707 288 1765 p.
314 1692 366 1769 98,
395 1693 445 1753 12.

257 1895 315 1957 Vs.
340 1895 414 1955 385.
485 1894 604 1955 linem.
633 1894 664 1953 X
693 1909 723 1969 p.
749 1894 790 1955 95
814 1892 928 1973 πορίζει
952 1895 1083 1954 correxi
1105 1910 1163 1969 pro
1186 1894 1323 1975 πορίζεις.
1346 1898 1481 1973 Recepit

257 2010 453 2070 vLeeuwen.

255 2211 414 2272 vss412.
525 2205 598 2287 ἀτὰρ
623 2208 659 2268 τί
678 2206 721 2268 τὰ
744 2204 845 2289 δαιτί
872 2208 904 2269 ἔτι
927 2207 1094 2294 τραγῳδίας
1117 2207 1190 2287 ἔχεις

523 2317 621 2401 ἐσθῆτ’
648 2320 774 2400 ἔλεινὴν,
796 2320 852 2383 κτὲ.

300 2438 426 2514 Corrigi
449 2438 533 2500 solet
557 2454 633 2499 cum
653 2438 791 2522 Berglrio
811 2431 905 2517 ῥοαί,
920 2428 943 2515 ,ἧ
959 2432 990 2496 ἰι
1009 2434 1071 2514 ιιιὲ,
1090 2438 1147 2498 sed
1166 2439 1302 2513 gravius
1321 2440 1479 2500 mendum

254 2552 393 2612 subesse
428 2552 621 2612 crediderim
655 2553 788 2626 propter
823 2550 975 2610 insolitos
1013 2566 1178 2612 numeros.
1214 2550 1261 2640 Cf.
1295 2554 1481 2614 Leeuwenii

254 2669 344 2726 nota.
365 2666 496 2727 Scilicet
518 2662 553 2723 ιὰ
576 2663 663 2745 paula
684 2664 851 2739 glossema
870 2678 943 2724 esse
963 2664 1115 2739 suspicor
1133 2667 1273 2740 petitum
1295 2683 1313 2727 e
1334 2682 1382 2728 vs.
1402 2668 1479 2744 415,

254 2780 387 2853 poetam
410 2794 489 2839 vero
512 2778 658 2839 dedisse:
1221 2774 1224 2780 ’

522 2890 595 2971 ἀτὰρ
622 2891 689 2955 (σὺ
712 2891 862 2963 πάντας)
889 2889 921 2951 ἐκ
943 2891 1109 2977 τραγῳδίας
1131 2890 1205 2969 ἔχεις

522 3000 621 3084 ἐσθῆτ’
646 3003 771 3083 ίλεινήν·
795 3004 851 3065 οὐκ
874 3002 937 3077 ἐτὸς
959 3005 1095 3084 τιτοοχοδς
1117 3010 1209 3078 ιιοεῖς.

255 3122 314 3180 aul
336 3120 424 3180 eliud
447 3120 523 3194 quid
546 3121 580 3180 in
605 3121 745 3182 eandem
769 3120 982 3181 sententiam.

255 3326 312 3387 Vs,
337 3328 412 3387 503.
522 3325 559 3387 οὐ
582 3325 639 3406 γάρ
662 3348 697 3405 με
720 3335 779 3387 νῦν
802 3349 834 3407 γε
858 3327 999 3406 διαβαλεῖ
1017 3324 1122 3386 Κλέων
1146 3325 1190 3387 ὅτι

521 3438 615 3515 ξένοιν
637 3441 796 3521 παρόντων
818 3440 872 3519 τὴν
895 3441 984 3504 πόλιν
1006 3452 1106 3514 κακῶς
1128 3440 1211 3522 λέγω.

522 3553 608 3617 αὐτοὶ
630 3555 687 3637 γὰρ
711 3554 797 3635 ἔσμεν
822 3554 916 3618 edwi
939 3556 1100 3641 Ληναίῳ
1124 3552 1149 3616 τ’
1175 3555 1292 3637 ἀγών,

521 3667 653 3731 nodum
676 3668 756 3744 ξένοι
778 3670 923 3750 πάρεισιν.

299 3787 451 3862 Frustra,
482 3788 519 3846 ut
551 3787 676 3862 opinor,
707 3786 892 3847 vLeeuwen
924 3785 1064 3846 coniecit
1095 3782 1147 3844 ιιολ
1178 3782 1227 3844 inl
1260 3785 1388 3871 Ληναίῳ
1419 3783 1479 3846 ἐστὶ

254 3909 326 3978 νῦν,
355 3898 514 3961 facillime
545 3901 634 3978 enim
664 3914 858 3975 praegresso
890 3896 977 3976 ίομιν
1004 3899 1043 3959 ad
1067 3896 1149 3978 ἀγών
1172 3903 1285 3960 mente
1308 3901 1479 3975 suppletur

255 4011 343 4074 ἔστιν.
379 4015 445 4076 Nec
478 4013 621 4074 fortasse
656 4013 752 4089 plene
787 4012 1013 4073 necessarium
1050 4015 1102 4073 est
1134 4013 1219 4087 quod
1255 4013 1370 4074 Exere.
1406 4014 1478 4074 crit.

255 4144 286 4205 p.
310 4129 354 4188 VI
384 4145 441 4204 pro
463 4125 568 4189 ιιοίίιιο
592 4126 758 4188 malebam
780 4123 881 4205 ιιοίιχί,
903 4127 989 4200 quod
1019 4127 1146 4187 scilieet
1170 4128 1374 4188 Lenaeorum
1397 4129 1478 4187 tem·

253 4258 332 4318 pore
354 4243 518 4318 peregrini
541 4258 581 4303 ne
605 4241 772 4316 expectari
795 4240 927 4315 quidem
951 4243 1114 4315 poterant.

255 4446 312 4506 Vs·
337 4447 412 4507 542.
465 4509 467 4512 ,
521 4442 647 4505 ἀπέδοτο
671 4444 800 4522 φήνας
822 4443 962 4504 κυνίδιον
985 4441 1149 4522 Σεριφίων.

300 4558 503 4621 Felicissime
522 4573 610 4619 nunc
629 4559 813 4619 vLeeuwen
837 4552 916 4636 χῆν’
944 4554 964 4633 ἢ
983 4557 1137 4618 correxit.
1157 4556 1219 4617 Gur
1231 4556 1318 4632 prior
1330 4557 1478 4616 eiusdem

255 4674 444 4735 coniectura
462 4688 522 4733 nec
541 4672 650 4748 magis
669 4671 889 4746 Blaydesiene
907 4670 985 4732 ferri
1004 4672 1111 4746 possit
1129 4670 1259 4731 ostendi
1271 4670 1351 4730 olim
1363 4668 1478 4728 Herm.

256 4785 365 4848 XXIV
387 4803 418 4862 p.
443 4787 518 4848 605.

864 4947 866 4954 Ι
943 4976 983 5063 ἦν
1007 4978 1034 5045 δ’
1061 4981 1099 5043 διν
1122 4980 1141 5061 ἡ
1165 4983 1249 5054 πόλις
1272 4981 1345 5042 πλέα
