3867 6450
1060 1051 1101 1112 72

468 1239 502 1295 et
529 1249 578 1308 eq,
607 1250 656 1294 νε.
681 1234 746 1294 890
769 1233 897 1313 λιπαρὸν
920 1236 952 1297 τὸ
975 1245 1074 1316 χρῆμα
1097 1247 1150 1316 τῆς
1172 1237 1302 1315 πόλεως,
1325 1237 1381 1299 ubi
1404 1239 1491 1298 iusto
1515 1237 1701 1298 violentius

469 1347 561 1408 Kock
583 1355 680 1426 χρῆμα
700 1348 797 1420 (quod
819 1363 940 1410 senum
964 1353 1055 1426 puto)
1078 1352 1113 1412 in
1136 1349 1232 1430 ὄνομα
1255 1351 1379 1414 mutari
1403 1351 1512 1412 iussit.

468 1549 525 1611 Vs.
550 1550 626 1612 842.
734 1549 960 1631 κωδονοφορῶν
983 1553 1131 1633 περίτρεχε
1153 1551 1204 1614 mi
1228 1547 1390 1614 κάθευδ’
1418 1549 1485 1612 ἐκεῖ.

465 1657 725 1724 ’decedendi’
757 1667 810 1726 eet
838 1665 923 1726 lenis
952 1681 1034 1728 eane
1056 1669 1090 1729 et
1111 1671 1210 1729 acuta
1232 1665 1420 1728 Leeuwenii
1441 1663 1610 1737 correctio,
1636 1663 1698 1721 sed

411 1841 416 1848 ,
468 1791 549 1836 num
572 1777 726 1838 vorarit
755 1778 879 1841 dubito.
908 1778 1023 1842 Potius
1048 1782 1221 1842 ediderim:

1165 1890 1215 1953 mi
1242 1927 1280 1938 --
1304 1885 1466 1952 κάθευδ’
1490 1888 1562 1967 ἐκεῖ,

469 2006 507 2064 ut
536 2005 632 2078 poeta
661 2005 771 2066 iocose
800 2004 883 2084 παρὰ
912 2004 1097 2085 προσδοκίαν
1128 2006 1174 2068 ita
1203 2006 1332 2067 dedisse
1355 2004 1507 2066 credatur
1528 2018 1586 2079 pro
1609 1999 1697 2061 ἐνικά-

468 2115 575 2193 θεοδε,
603 2119 641 2177 ut
673 2133 721 2178 νε.
754 2118 820 2178 840
851 2120 965 2180 contra
995 2119 1261 2194 expectationem
1288 2119 1372 2178 dixit
1393 2110 1532 2176 καταίνεον
1560 2113 1619 2175 ἀπὸ
1640 2122 1695 2191 τῆς

467 2228 610 2306 κλίμακος
632 2244 690 2305 pro
712 2228 888 2309 ἀναβαίνων
909 2229 958 2292 ini
980 2240 1033 2309 τῆς
1054 2231 1205 2308 κλίμακος.

469 2431 525 2490 νε.
550 2431 626 2492 850.
695 2429 928 2494 coniecturam
951 2448 1065 2493 meam
1088 2432 1171 2493 τότε
1193 2441 1310 2493 κανοῦν
1329 2425 1393 2510 αἶρε
1415 2433 1485 2502 (Ex.
1506 2433 1576 2493 crit.
1592 2448 1622 2507 p.
1636 2425 1698 2509 XI)

469 2545 594 2619 recepit
615 2545 809 2606 vLeeuwen.

470 2744 526 2805 νε.
551 2747 627 2806 893.
696 2741 796 2825 ἄπερρ’
817 2763 874 2822 pro
894 2741 1007 2807 ἄπελθ’
1030 2749 1155 2809 conieci
1175 2750 1322 2824 Append.
1342 2749 1383 2808 ed
1403 2748 1494 2808 Stud.
1512 2747 1584 2806 crit.
1597 2761 1627 2820 p.
1644 2747 1696 2806 11.

404 3009 408 3012 -
471 2969 527 3031 νε.
552 2972 628 3032 910.
696 2973 823 3033 Mecum
859 2973 1043 3034 vLeeuwen
1077 2975 1153 3050 poet
1184 2969 1308 3053 ὀτρηρός
1342 2973 1464 3034 delevit
1493 2972 1593 3032 verba
1622 2968 1698 3028 κατὰ

470 3083 523 3144 τὸν
536 3081 679 3165 Ὅμηρον.

383 3308 386 3315 ·
472 3285 528 3347 νο.
552 3287 628 3348 ore.
696 3289 798 3350 necte
836 3291 1021 3351 vceeuwen
1060 3290 1161 3350 cornu
1193 3287 1442 3365 οφαναεενηαν
1472 3304 1530 3363 pro
1564 3242 1687 3363 pseudo

472 3399 581 3460 dorico
603 3397 862 3475 ὑφαντοδόνατον.
886 3403 1007 3464 Vocem
1032 3404 1146 3463 contra
1169 3403 1380 3476 Blaydeeium
1404 3401 1533 3462 defendi
1555 3399 1632 3489 il„

471 3614 528 3675 νε.
552 3617 617 3676 956
640 3632 689 3690 eq.
757 3616 978 3679 sollicitatam
1008 3618 1146 3694 ibidem,
1184 3619 1243 3678 sed
1276 3621 1366 3679 recte
1399 3618 1541 3678 fortasse
1575 3614 1699 3689 collega

472 3727 641 3788 Leideneie
664 3729 800 3790 meliore
824 3730 1094 3806 interpunctione
1117 3733 1148 3792 h.
1173 3732 1194 3793 1.
1219 3732 1397 3807 expedivit.
1420 3730 1514 3791 Modo
1537 3729 1699 3804 genuinus

466 3835 517 3901 'eit
540 3857 589 3901 ve.
613 3843 693 3917 957,
718 3857 816 3915 quem
838 3844 1010 3919 suspectat
1031 3844 1208 3905 Hartman.

475 4044 529 4104 νε.
554 4045 630 4105 966.
698 4044 869 4119 Expuncto
893 4039 947 4104 ἐστ’
973 4046 1125 4121 supplevi
1149 4054 1206 4105 νῦν
1229 4046 1285 4107 i.i.
1311 4046 1356 4107 cf.
1381 4046 1575 4106 vLeeuwen.

473 4231 529 4291 νε.
557 4232 652 4292 1009.
720 4229 884 4310 ἅνθρωπος
910 4231 1019 4308 Θαλῆς.
1042 4232 1088 4291 De
1112 4232 1251 4293 articulo
1276 4230 1340 4292 vid.
1365 4231 1478 4292 Herm.
1499 4232 1519 4291 l.
1533 4233 1554 4292 l.
1575 4229 1622 4291 cf.
1642 4228 1697 4289 Pe·

473 4343 794 4405 troniiSat.40init.
810 4344 1011 4419 „sophos”
1032 4344 1230 4406 universi
1254 4344 1486 4405 clamamus
1506 4347 1546 4404 et
1565 4344 1698 4404 subla·

474 4458 533 4517 tis
578 4456 773 4518 manibus
819 4458 867 4517 ad
914 4472 1125 4518 cameram
1172 4458 1363 4518 iuramus
1409 4458 1699 4533 Hipparchum

474 4571 735 4643 Aratumque
783 4572 1084 4646 comparandos
1126 4571 1194 4631 illi
1235 4571 1475 4642 (Timalchioni)
1507 4572 1702 4631 homines

474 4699 554 4744 non
582 4682 730 4743 fuisse.

474 4859 532 4920 VS.
558 4859 655 4919 1018.
765 4857 830 4919 Pis.
980 4927 982 4933 ¹
1233 4860 1330 4940 ὥσπερ
1354 4858 1386 4920 ἒν
1409 4860 1617 4937 Λακεδαίμονι
1736 4906 1739 4913 .
1852 4844 1853 4889 ³

512 4966 515 4971 ⁸
764 4973 983 5049 ξενηλατοῦμεν
1013 4970 1065 5032 καὶ
1094 4973 1335 5051 ascinderet
1363 4989 1485 5077 τινες·δ

763 5082 875 5165 πληγαὶ
897 5083 1006 5163 συχναὶ
1027 5081 1089 5146 κατ’
1116 5085 1199 5150 dccv.
