3867 6450
1085 1045 1128 1105 38

497 1232 615 1293 linem.
647 1234 755 1293 XXIV
785 1249 814 1308 p.
840 1233 906 1293 300
929 1248 990 1308 οη,
1022 1231 1078 1292 ubl
1107 1236 1220 1291 tamen
1251 1231 1371 1292 collato
1394 1232 1512 1293 Eubuli
1537 1233 1608 1294 loco
1632 1248 1717 1308 prae·
1831 1283 1832 1328 ρ

496 1346 642 1408 ferebam
666 1350 859 1429 καταλοᾷς
881 1366 970 1423 μου,
993 1346 1240 1421 contundis,
1266 1345 1517 1421 confringis.

496 1575 552 1636 Vs.
578 1576 653 1636 874.
762 1582 825 1646 πῶς
849 1570 888 1633 διν
907 1572 1003 1651 μάθοι
1025 1568 1095 1633 ποθ’
1122 1564 1210 1645 οὗτος
1233 1569 1403 1649 ἀπόφευξιν
1427 1572 1513 1652 δίκης

762 1684 782 1767 ἢ
805 1690 946 1765 κλῆσιν
970 1681 990 1763 ἦ
1012 1685 1165 1765 χαύνωσιν
1187 1683 1431 1765 ἀναπειστηρίαν.

541 1802 666 1862 Sanum
697 1816 770 1861 esse
801 1800 916 1874 nequit
945 1802 1061 1876 κλῆσιν,
1090 1800 1263 1875 propterea
1292 1800 1377 1875 quod
1408 1816 1450 1861 ne
1481 1801 1719 1876 stupidissimis

496 1915 628 1991 quidem
671 1916 704 1974 et
737 1912 1021 1989 ignorantissimis
1055 1912 1247 1974 discendum
1283 1916 1367 1989 erat,
1403 1915 1569 1989 quomodo
1603 1915 1637 1974 in
1671 1914 1720 1973 ius

497 2030 654 2092 vocarent
673 2028 891 2089 adversarios.
912 2026 1037 2088 collato
1050 2042 1100 2087 vs.
1121 2028 1186 2088 316
1204 2027 1310 2088 conici
1326 2030 1437 2105 potest
1460 2035 1642 2107 κροῦσιν,
1665 2027 1719 2087 sed

495 2142 708 2220 praeferenda
735 2144 788 2202 est
812 2140 916 2202 lenior
943 2139 1170 2202 Valckenaerii
1189 2142 1392 2216 coniectura;
1417 2140 1601 2219 κήλησιν,
1619 2122 1716 2215 quam

496 2255 644 2332 pluribus
674 2254 905 2317 commendavi
935 2253 1027 2314 stud.
1062 2252 1141 2315 Orit.
1172 2269 1202 2330 p.
1235 2257 1287 2316 52.
1323 2256 1394 2316 Hac
1420 2257 1566 2332 recepta,
1592 2254 1717 2329 virgula

497 2373 555 2432 aut
576 2369 734 2431 semicolo
757 2368 966 2429 incidendum
990 2369 1042 2429 est
1065 2370 1140 2444 post
1163 2367 1256 2447 δίκης.
1559 2364 1563 2373 “

497 2602 553 2663 Vs.
579 2600 653 2660 884.
723 2598 796 2659 vid.
821 2598 939 2661 linem.
963 2600 1019 2662 1.1.
1044 2615 1075 2676 p.
1100 2599 1153 2660 50.

497 2829 553 2891 Vn.
578 2829 654 2889 927.
856 2825 951 2887 καίτοι
975 2825 1120 2906 πρότερόν
1142 2820 1166 2906 γ’
1193 2824 1367 2906 ἐπτώχευες,

857 2940 992 3019 Τήλεφος
1014 2933 1092 2999 εἶναι
1115 2938 1225 3012 Μυσὸς
1248 2939 1375 3016 φάσκων

853 3050 886 3113 ίκ
908 3053 1052 3133 πηριδίου

853 3168 975 3249 γνώμας
999 3168 1155 3250 τρώγων
1179 3169 1422 3243 Πανδελετείους.

544 3285 691 3344 Tametsi
719 3300 795 3344 cum
819 3285 1014 3345 Leeuwenio
1038 3285 1262 3346 obscuriorem
1286 3285 1373 3346 hunc
1395 3285 1507 3347 locum
1531 3285 1627 3360 duco,
1651 3283 1721 3344 inde

499 3401 611 3459 tamen
636 3398 719 3458 satis
739 3400 875 3473 apparet
894 3413 969 3458 cum
987 3398 1169 3474 Telephum
1182 3399 1394 3474 Euripideum
1413 3399 1446 3459 in
1466 3398 1524 3460 illa
1542 3397 1720 3473 tragoedia,

499 3511 606 3572 iudice
632 3513 760 3587 nostro,
790 3514 1040 3587 repraesentare
1070 3512 1251 3587 sophistas,
1283 3512 1396 3586 quales
1426 3527 1468 3573 ex
1498 3513 1570 3573 eius
1593 3510 1720 3587 quidem

499 3625 664 3685 sententia
694 3625 888 3686 informaret
918 3626 1068 3686 doctrina
1092 3625 1273 3701 Socratica,
1296 3629 1369 3687 tum
1393 3641 1472 3687 vero
1494 3626 1720 3696 Pandelelum,

501 3739 649 3812 quisquis
678 3738 789 3814 fuerit,
821 3739 926 3799 luisse
956 3739 1061 3815 ipsius
1091 3740 1199 3800 aetate
1229 3739 1349 3800 similis
1371 3739 1494 3815 ingenii
1517 3739 1719 3799 nebulonem.

500 3853 585 3912 Fieri
608 3853 717 3927 potest
739 3855 776 3912 ut
799 3852 995 3928 scholiasta,
1020 3853 1114 3914 cuius
1136 3867 1217 3913 sane
1239 3853 1388 3914 notulam
1410 3868 1468 3929 per
1486 3868 1522 3914 se
1541 3854 1720 3927 spectatam

502 3981 566 4026 non
596 3980 670 4026 esse
694 3967 924 4027 testimonium
948 3967 1144 4028 historicum
1167 3966 1286 4027 lubens
1308 3967 1452 4042 collegae
1473 3982 1548 4028 meo
1572 3965 1720 4036 concedo,

502 4093 519 4138 e
555 4077 695 4138 Onarmr
730 4077 958 4170 Chironum
1000 4079 1085 4156 loco,
1125 4095 1223 4155 quem
1261 4079 1357 4141 hodie
1391 4079 1596 4156 deperditum
1631 4077 1719 4150 citat,

502 4191 647 4252 effecerit
678 4189 722 4251 ὅτι
752 4191 943 4269 συκοφάντης
973 4183 1012 4270 ἦν
1042 4190 1093 4251 καὶ
1123 4190 1279 4269 φιλόδικος
1303 4191 1429 4273 γράφων
1451 4192 1645 4270 ψηφίσματα,
1667 4187 1721 4249 sed

502 4305 636 4365 etiamsi
664 4305 709 4365 nil
741 4306 807 4366 tale
837 4307 912 4366 inde
943 4310 1129 4384 appareret,
1161 4321 1203 4367 ex
1233 4307 1313 4368 eolis
1341 4309 1456 4382 poetae
1486 4307 1591 4367 nostri
1617 4302 1721 4365 verbis

502 4417 585 4477 satis
611 4412 730 4494 liquet,
763 4435 826 4492 qua
856 4420 965 4480 indole
995 4421 1144 4482 famosus
1174 4421 1238 4482 iste
1269 4421 1368 4482 homo
1399 4421 1511 4496 fuerit,
1543 4436 1604 4481 nec
1632 4418 1721 4478 video
1828 4486 1829 4489 ρ

503 4547 560 4591 cur
601 4535 749 4593 veterem
790 4535 1005 4609 interpretem
1050 4551 1249 4610 magnopere
1292 4535 1463 4610 culpemus
1507 4534 1719 4595 scribentem:

503 4644 729 4723 δυστυχήσαυτά
756 4640 783 4705 δ’
806 4645 929 4724 ὕστερον
949 4648 1153 4723 (Telephum)
1172 4648 1335 4725 acacianae
1355 4646 1525 4726 Εὐριπίδης
1549 4645 1581 4706 ίν
1601 4646 1721 4725 δράματι

502 4757 604 4837 πήραν
633 4757 736 4842 ἔχοντα
763 4756 812 4818 καί
843 4769 1080 4839 προσαιτοῦνια,
1102 4758 1168 4820 ἀντί
1191 4757 1223 4820 δὲ
1245 4769 1298 4822 τοῦ
1323 4761 1416 4821 εἰπεῖν
1439 4758 1548 4840 ἄρτους
1570 4754 1720 4837 καθαροὺς

503 4869 522 4950 ἢ
542 4873 652 4951 ξηροὺς
672 4875 801 4953 τρώγων.
822 4853 1085 4951 ,Revertentem
1102 4872 1277 4955 <λίγωνί>
1293 4875 1435 4956 γνώμας”
1456 4868 1550 4953 εἶπεν,
1564 4874 1630 4936 nisi
1642 4868 1719 4947 quod

503 4989 627 5049 vetusti
648 4989 755 5049 victus
775 4989 960 5063 ignorantia
983 4986 1105 5069 ἄρτους,
1127 4990 1285 5052 lautiores
1304 4990 1460 5050 ditiorum
1480 4989 1594 5064 dapes,
1619 4983 1723 5064 posuit

503 5118 560 5178 pro
579 5101 711 5176 polenta
730 5101 877 5178 cibisque
897 5093 1076 5165 vilioribus.
1094 5104 1207 5180 itaque
1219 5104 1280 5164 hac
1292 5103 1510 5178 explicatione
1522 5103 1720 5176 acquiescen-
