<?xml version="1.0" encoding="UTF-8"?>
<!DOCTYPE html PUBLIC "-//W3C//DTD XHTML 1.0 Transitional//EN"
    "http://www.w3.org/TR/xhtml1/DTD/xhtml1-transitional.dtd">
<html xmlns="http://www.w3.org/1999/xhtml" xml:lang="en" lang="en">
 <head>
  <title>
</title>
<meta http-equiv="Content-Type" content="text/html;charset=utf-8" />
  <meta name='ocr-system' content='tesseract 3.04.00' />
  <meta name='ocr-capabilities' content='ocr_page ocr_carea ocr_par ocr_line ocrx_word'/>
</head>
<body>
  <div class='ocr_page' id='page_1' title='image "./vindiciaearisto00herwgoog_0100.png"; bbox 0 0 3867 6450; ppageno 0'>
   <div class='ocr_carea' id='block_1_1' title="bbox 2051 1019 2135 1078">
    <p class='ocr_par' dir='ltr' id='par_1_1' title="bbox 2051 1019 2135 1078">
     <span class='ocr_line' id='line_1_1' title="bbox 2051 1019 2135 1078; baseline -0.012 0"><span class='ocrx_word' id='word_1_1' title='bbox 2051 1019 2135 1078; x_wconf 84' lang='lat'>92</span> 
     </span>
    </p>
   </div>
   <div class='ocr_carea' id='block_1_2' title="bbox 872 1199 3331 1393">
    <p class='ocr_par' dir='ltr' id='par_1_2' title="bbox 872 1199 3331 1393">
     <span class='ocr_line' id='line_1_2' title="bbox 872 1199 3330 1283; baseline -0.002 -20"><span class='ocrx_word' id='word_1_2' title='bbox 872 1203 946 1263; x_wconf 79' lang='grc' dir='ltr'>οἳ</span> <span class='ocrx_word' id='word_1_3' title='bbox 999 1203 1377 1278; x_wconf 80' lang='grc' dir='ltr'><strong><em>φυλάκων</em></strong></span> <span class='ocrx_word' id='word_1_4' title='bbox 1433 1202 1760 1283; x_wconf 79' lang='grc' dir='ltr'><strong><em>ἔχοντας</em></strong></span> <span class='ocrx_word' id='word_1_5' title='bbox 1816 1212 2069 1281; x_wconf 82' lang='grc' dir='ltr'><strong><em>σχῆμα</em></strong></span> <span class='ocrx_word' id='word_1_6' title='bbox 2128 1213 2276 1264; x_wconf 84' lang='grc' dir='ltr'>τῶν</span> <span class='ocrx_word' id='word_1_7' title='bbox 2332 1201 2913 1280; x_wconf 83' lang='grc' dir='ltr'><strong><em>φυλαξομένων</em></strong></span> <span class='ocrx_word' id='word_1_8' title='bbox 2984 1199 3330 1261; x_wconf 77' lang='grc' dir='ltr'><strong><em>ἐδέοντο.</em></strong></span> 
     </span>
     <span class='ocr_line' id='line_1_3' title="bbox 872 1315 3331 1393; baseline -0.002 -16"><span class='ocrx_word' id='word_1_9' title='bbox 872 1317 1163 1378; x_wconf 84' lang='lat' dir='ltr'>Iuvenal.</span> <span class='ocrx_word' id='word_1_10' title='bbox 1204 1318 1337 1377; x_wconf 86' lang='lat' dir='ltr'>Sat.</span> <span class='ocrx_word' id='word_1_11' title='bbox 1380 1317 1468 1376; x_wconf 90' lang='lat' dir='ltr'>VI</span> <span class='ocrx_word' id='word_1_12' title='bbox 1507 1319 1631 1377; x_wconf 83' lang='lat'>341</span> <span class='ocrx_word' id='word_1_13' title='bbox 1683 1316 1819 1378; x_wconf 92' lang='lat' dir='ltr'>sed</span> <span class='ocrx_word' id='word_1_14' title='bbox 1871 1319 2057 1391; x_wconf 89' lang='lat' dir='ltr'>quis</span> <span class='ocrx_word' id='word_1_15' title='bbox 2104 1318 2540 1379; x_wconf 79' lang='lat' dir='ltr'><strong>custodiet</strong></span> <span class='ocrx_word' id='word_1_16' title='bbox 2587 1318 2827 1393; x_wconf 88' lang='lat' dir='ltr'>ipsos</span> <span class='ocrx_word' id='word_1_17' title='bbox 2875 1315 3331 1377; x_wconf 82' lang='lat' dir='ltr'>custodes?</span> 
     </span>
    </p>
   </div>
   <div class='ocr_carea' id='block_1_3' title="bbox 872 1515 3184 1930">
    <p class='ocr_par' dir='ltr' id='par_1_3' title="bbox 872 1515 3184 1930">
     <span class='ocr_line' id='line_1_4' title="bbox 872 1515 2868 1597; baseline 0.001 -21"><span class='ocrx_word' id='word_1_18' title='bbox 872 1518 983 1579; x_wconf 87' lang='lat' dir='ltr'>Vs.</span> <span class='ocrx_word' id='word_1_19' title='bbox 1034 1519 1184 1580; x_wconf 82' lang='lat'>482.</span> <span class='ocrx_word' id='word_1_20' title='bbox 1404 1521 1640 1581; x_wconf 81' lang='lat' dir='ltr'>Bacch.</span> <span class='ocrx_word' id='word_1_21' title='bbox 2446 1515 2562 1580; x_wconf 78' lang='grc' dir='ltr'><strong><em>ἀλλ’</em></strong></span> <span class='ocrx_word' id='word_1_22' title='bbox 2616 1517 2868 1597; x_wconf 68' lang='grc' dir='ltr'><strong><em>ὡρακιῶ*</em></strong></span> 
     </span>
     <span class='ocr_line' id='line_1_5' title="bbox 1697 1627 3184 1714; baseline -0.003 -22"><span class='ocrx_word' id='word_1_23' title='bbox 1697 1630 1812 1694; x_wconf 76' lang='grc' dir='ltr'><strong><em>ἀλλ’</em></strong></span> <span class='ocrx_word' id='word_1_24' title='bbox 1868 1627 1992 1694; x_wconf 78' lang='grc' dir='ltr'><strong><em>οἶσε</em></strong></span> <span class='ocrx_word' id='word_1_25' title='bbox 2038 1633 2188 1714; x_wconf 83' lang='grc' dir='ltr'><strong><em>πρὸς</em></strong></span> <span class='ocrx_word' id='word_1_26' title='bbox 2233 1632 2344 1712; x_wconf 82' lang='grc' dir='ltr'>τὴν</span> <span class='ocrx_word' id='word_1_27' title='bbox 2391 1633 2649 1712; x_wconf 83' lang='grc' dir='ltr'><strong><em>καρδίαν</em></strong></span> <span class='ocrx_word' id='word_1_28' title='bbox 2697 1654 2816 1710; x_wconf 86' lang='grc' dir='ltr'>μου</span> <span class='ocrx_word' id='word_1_29' title='bbox 2863 1629 3184 1710; x_wconf 76' lang='grc' dir='ltr'><strong><em>σφογγιάν.</em></strong></span> 
     </span>
     <span class='ocr_line' id='line_1_6' title="bbox 1402 1745 2394 1826; baseline 0.001 -21"><span class='ocrx_word' id='word_1_30' title='bbox 1402 1746 1650 1807; x_wconf 79' lang='lat' dir='ltr'>Xanth.</span> <span class='ocrx_word' id='word_1_31' title='bbox 1700 1745 1838 1807; x_wconf 82' lang='grc' dir='ltr'><strong><em>ἰδοὺ</em></strong></span> <span class='ocrx_word' id='word_1_32' title='bbox 1883 1745 2045 1825; x_wconf 80' lang='grc' dir='ltr'><strong><em>λαβέ·</em></strong></span> <span class='ocrx_word' id='word_1_33' title='bbox 2093 1753 2394 1826; x_wconf 82' lang='grc' dir='ltr'><strong><em>προσθοῦ.</em></strong></span> 
     </span>
     <span class='ocr_line' id='line_1_7' title="bbox 2205 1854 2951 1930; baseline -0.005 -9"><span class='ocrx_word' id='word_1_34' title='bbox 2205 1861 2446 1926; x_wconf 80' lang='lat' dir='ltr'>Bacch.</span> <span class='ocrx_word' id='word_1_35' title='bbox 2507 1869 2654 1921; x_wconf 83' lang='grc' dir='ltr'>ποῦ</span> <span class='ocrx_word' id='word_1_36' title='bbox 2725 1854 2951 1930; x_wconf 73' lang='grc' dir='ltr'><strong><em>’στινς</em></strong></span> 
     </span>
    </p>
   </div>
   <div class='ocr_carea' id='block_1_4' title="bbox 1688 1952 3332 2274">
    <p class='ocr_par' dir='ltr' id='par_1_4' title="bbox 1688 1952 3332 2274">
     <span class='ocr_line' id='line_1_8' title="bbox 2204 1952 3332 2050; baseline -0.008 -14"><span class='ocrx_word' id='word_1_37' title='bbox 2204 1975 2450 2037; x_wconf 72' lang='lat' dir='ltr'>Xanth.</span> <span class='ocrx_word' id='word_1_38' title='bbox 2812 1964 2858 2031; x_wconf 83' lang='grc' dir='ltr'>ὦ</span> <span class='ocrx_word' id='word_1_39' title='bbox 2896 1952 3122 2050; x_wconf 53' lang='grc' dir='ltr'><strong><em>’χρυσοῖ</em></strong></span> <span class='ocrx_word' id='word_1_40' title='bbox 3160 1968 3332 2045; x_wconf 80' lang='grc' dir='ltr'><strong><em>θεοί,</em></strong></span> 
     </span>
     <span class='ocr_line' id='line_1_9' title="bbox 1688 2082 2619 2166; baseline 0 -21"><span class='ocrx_word' id='word_1_41' title='bbox 1688 2082 1938 2145; x_wconf 76' lang='grc' dir='ltr'><strong><em>ἐνταῦθ’</em></strong></span> <span class='ocrx_word' id='word_1_42' title='bbox 1992 2085 2136 2165; x_wconf 76' lang='grc' dir='ltr'><strong><em>ἔχεις</em></strong></span> <span class='ocrx_word' id='word_1_43' title='bbox 2182 2085 2291 2165; x_wconf 81' lang='grc' dir='ltr'>τὴν</span> <span class='ocrx_word' id='word_1_44' title='bbox 2337 2087 2619 2166; x_wconf 77' lang='grc' dir='ltr'><strong><em>καρδίανς</em></strong></span> 
     </span>
     <span class='ocr_line' id='line_1_10' title="bbox 2209 2195 3206 2274; baseline -0.005 -14"><span class='ocrx_word' id='word_1_45' title='bbox 2209 2201 2445 2262; x_wconf 84' lang='lat' dir='ltr'>Bacch.</span> <span class='ocrx_word' id='word_1_46' title='bbox 2798 2198 3044 2258; x_wconf 83' lang='grc' dir='ltr'><strong><em>δείσασα</em></strong></span> <span class='ocrx_word' id='word_1_47' title='bbox 3091 2195 3206 2274; x_wconf 79' lang='grc' dir='ltr'><strong><em>γὰρ</em></strong></span> 
     </span>
    </p>
   </div>
   <div class='ocr_carea' id='block_1_5' title="bbox 874 2310 3328 3302">
    <p class='ocr_par' dir='ltr' id='par_1_5' title="bbox 1687 2310 3187 2392">
     <span class='ocr_line' id='line_1_11' title="bbox 1687 2310 3187 2392; baseline -0.001 -20"><span class='ocrx_word' id='word_1_48' title='bbox 1687 2312 1768 2384; x_wconf 81' lang='grc' dir='ltr'>εἰς</span> <span class='ocrx_word' id='word_1_49' title='bbox 1814 2310 1923 2390; x_wconf 82' lang='grc' dir='ltr'>τὴν</span> <span class='ocrx_word' id='word_1_50' title='bbox 1968 2313 2125 2373; x_wconf 77' lang='grc' dir='ltr'><strong><em>κάτω</em></strong></span> <span class='ocrx_word' id='word_1_51' title='bbox 2174 2335 2290 2389; x_wconf 84' lang='grc' dir='ltr'>μου</span> <span class='ocrx_word' id='word_1_52' title='bbox 2340 2312 2596 2392; x_wconf 84' lang='grc' dir='ltr'><strong><em>καρδίαν</em></strong></span> <span class='ocrx_word' id='word_1_53' title='bbox 2643 2313 3069 2391; x_wconf 82' lang='grc' dir='ltr'><strong><em>καθείρπυσεν.</em></strong></span> <span class='ocrx_word' id='word_1_54' title='bbox 3184 2362 3187 2365; x_wconf 92' lang='grc'><strong><em>.</em></strong></span> 
     </span>
    </p>

    <p class='ocr_par' dir='ltr' id='par_1_6' title="bbox 874 2427 3328 3180">
     <span class='ocr_line' id='line_1_12' title="bbox 963 2427 3327 2502; baseline -0 -17"><span class='ocrx_word' id='word_1_55' title='bbox 963 2427 1105 2486; x_wconf 91' lang='lat' dir='ltr'>Non</span> <span class='ocrx_word' id='word_1_56' title='bbox 1152 2427 1367 2500; x_wconf 82' lang='lat' dir='ltr'>potuit</span> <span class='ocrx_word' id='word_1_57' title='bbox 1411 2427 1733 2502; x_wconf 80' lang='lat' dir='ltr'>BacchuS,</span> <span class='ocrx_word' id='word_1_58' title='bbox 1786 2428 1894 2501; x_wconf 87' lang='lat' dir='ltr'>qui</span> <span class='ocrx_word' id='word_1_59' title='bbox 1945 2428 2146 2487; x_wconf 90' lang='lat' dir='ltr'>nimis</span> <span class='ocrx_word' id='word_1_60' title='bbox 2192 2428 2357 2488; x_wconf 91' lang='lat' dir='ltr'>bene</span> <span class='ocrx_word' id='word_1_61' title='bbox 2403 2428 2637 2501; x_wconf 80' lang='lat' dir='ltr'><strong>sentit,</strong></span> <span class='ocrx_word' id='word_1_62' title='bbox 2690 2427 2800 2487; x_wconf 88' lang='lat' dir='ltr'>ubi</span> <span class='ocrx_word' id='word_1_63' title='bbox 2847 2428 2937 2487; x_wconf 87' lang='lat' dir='ltr'>sit</span> <span class='ocrx_word' id='word_1_64' title='bbox 2980 2427 3108 2502; x_wconf 89' lang='lat' dir='ltr'>ipsi</span> <span class='ocrx_word' id='word_1_65' title='bbox 3158 2440 3327 2500; x_wconf 85' lang='lat' dir='ltr'>cor,</span> 
     </span>
     <span class='ocr_line' id='line_1_13' title="bbox 875 2535 3325 2615; baseline 0 -18"><span class='ocrx_word' id='word_1_66' title='bbox 875 2539 998 2599; x_wconf 90' lang='lat' dir='ltr'>hoc</span> <span class='ocrx_word' id='word_1_67' title='bbox 1058 2554 1291 2613; x_wconf 86' lang='lat' dir='ltr'>rogare</span> <span class='ocrx_word' id='word_1_68' title='bbox 1351 2540 1741 2615; x_wconf 78' lang='lat' dir='ltr'>Xanthiam,</span> <span class='ocrx_word' id='word_1_69' title='bbox 1805 2555 2002 2601; x_wconf 91' lang='lat' dir='ltr'>nemo</span> <span class='ocrx_word' id='word_1_70' title='bbox 2063 2543 2290 2602; x_wconf 91' lang='lat' dir='ltr'>autem</span> <span class='ocrx_word' id='word_1_71' title='bbox 2353 2542 2544 2601; x_wconf 88' lang='lat' dir='ltr'>facile</span> <span class='ocrx_word' id='word_1_72' title='bbox 2606 2540 2806 2602; x_wconf 86' lang='lat' dir='ltr'>verba</span> <span class='ocrx_word' id='word_1_73' title='bbox 2858 2548 2977 2600; x_wconf 83' lang='grc' dir='ltr'>ποῦ</span> <span class='ocrx_word' id='word_1_74' title='bbox 3018 2535 3198 2610; x_wconf 73' lang='grc' dir='ltr'><strong><em>’στινς</em></strong></span> <span class='ocrx_word' id='word_1_75' title='bbox 3245 2539 3325 2606; x_wconf 87' lang='lat' dir='ltr'>de</span> 
     </span>
     <span class='ocr_line' id='line_1_14' title="bbox 875 2651 3328 2729; baseline -0.001 -17"><span class='ocrx_word' id='word_1_76' title='bbox 875 2652 1097 2712; x_wconf 87' lang='lat' dir='ltr'>oblata</span> <span class='ocrx_word' id='word_1_77' title='bbox 1151 2654 1210 2712; x_wconf 90' lang='lat' dir='ltr'>ei</span> <span class='ocrx_word' id='word_1_78' title='bbox 1270 2653 1547 2726; x_wconf 87' lang='lat' dir='ltr'>spongia</span> <span class='ocrx_word' id='word_1_79' title='bbox 1606 2654 1908 2729; x_wconf 79' lang='lat' dir='ltr'>accipiet,</span> <span class='ocrx_word' id='word_1_80' title='bbox 1975 2669 2143 2727; x_wconf 87' lang='lat' dir='ltr'>quae</span> <span class='ocrx_word' id='word_1_81' title='bbox 2202 2655 2299 2714; x_wconf 87' lang='lat' dir='ltr'>ita</span> <span class='ocrx_word' id='word_1_82' title='bbox 2361 2654 2534 2715; x_wconf 89' lang='lat' dir='ltr'>male</span> <span class='ocrx_word' id='word_1_83' title='bbox 2595 2653 3031 2714; x_wconf 77' lang='lat' dir='ltr'>abundarent.</span> <span class='ocrx_word' id='word_1_84' title='bbox 3094 2651 3328 2713; x_wconf 91' lang='lat' dir='ltr'>Procul</span> 
     </span>
     <span class='ocr_line' id='line_1_15' title="bbox 875 2759 3328 2843; baseline 0 -19"><span class='ocrx_word' id='word_1_85' title='bbox 875 2765 1070 2829; x_wconf 91' lang='lat' dir='ltr'>dubio</span> <span class='ocrx_word' id='word_1_86' title='bbox 1129 2767 1332 2827; x_wconf 87' lang='lat' dir='ltr'>verba</span> <span class='ocrx_word' id='word_1_87' title='bbox 1377 2765 1512 2825; x_wconf 82' lang='grc' dir='ltr'><strong><em>ἰδοὺ</em></strong></span> <span class='ocrx_word' id='word_1_88' title='bbox 1563 2800 1641 2810; x_wconf 89' lang='grc'>-</span> <span class='ocrx_word' id='word_1_89' title='bbox 1691 2767 1948 2843; x_wconf 80' lang='grc' dir='ltr'>καρδίαν</span> <span class='ocrx_word' id='word_1_90' title='bbox 2002 2769 2230 2828; x_wconf 88' lang='lat' dir='ltr'>omnia</span> <span class='ocrx_word' id='word_1_91' title='bbox 2276 2759 2719 2829; x_wconf 82' lang='lat' dir='ltr'>continuanda</span> <span class='ocrx_word' id='word_1_92' title='bbox 2763 2770 2921 2828; x_wconf 88' lang='lat' dir='ltr'>sunt</span> <span class='ocrx_word' id='word_1_93' title='bbox 2963 2765 3328 2841; x_wconf 87' lang='lat' dir='ltr'>Xanthiae,</span> 
     </span>
     <span class='ocr_line' id='line_1_16' title="bbox 876 2878 3326 2957; baseline 0 -19"><span class='ocrx_word' id='word_1_94' title='bbox 876 2880 986 2952; x_wconf 86' lang='lat' dir='ltr'>qui</span> <span class='ocrx_word' id='word_1_95' title='bbox 1054 2879 1371 2957; x_wconf 89' lang='lat' dir='ltr'>primum,</span> <span class='ocrx_word' id='word_1_96' title='bbox 1439 2881 1627 2954; x_wconf 89' lang='lat' dir='ltr'>quasi</span> <span class='ocrx_word' id='word_1_97' title='bbox 1695 2882 1981 2942; x_wconf 82' lang='lat' dir='ltr'>miratus</span> <span class='ocrx_word' id='word_1_98' title='bbox 2049 2882 2381 2943; x_wconf 89' lang='lat' dir='ltr'>Bacchum</span> <span class='ocrx_word' id='word_1_99' title='bbox 2451 2882 2716 2942; x_wconf 89' lang='lat' dir='ltr'>insolito</span> <span class='ocrx_word' id='word_1_100' title='bbox 2785 2882 2928 2942; x_wconf 92' lang='lat' dir='ltr'>loco</span> <span class='ocrx_word' id='word_1_101' title='bbox 2997 2878 3326 2954; x_wconf 89' lang='lat' dir='ltr'>applicare</span> 
     </span>
     <span class='ocr_line' id='line_1_17' title="bbox 874 2991 3324 3070; baseline -0 -19"><span class='ocrx_word' id='word_1_102' title='bbox 874 2993 1251 3068; x_wconf 88' lang='lat' dir='ltr'>spongiam,</span> <span class='ocrx_word' id='word_1_103' title='bbox 1297 2995 1394 3053; x_wconf 85' lang='lat' dir='ltr'>ita</span> <span class='ocrx_word' id='word_1_104' title='bbox 1437 2997 1651 3070; x_wconf 84' lang='lat' dir='ltr'>rogat,</span> <span class='ocrx_word' id='word_1_105' title='bbox 1702 2995 1933 3055; x_wconf 91' lang='lat' dir='ltr'>deinde</span> <span class='ocrx_word' id='word_1_106' title='bbox 1971 3011 2143 3056; x_wconf 86' lang='lat' dir='ltr'>nova</span> <span class='ocrx_word' id='word_1_107' title='bbox 2179 2997 2564 3069; x_wconf 88' lang='lat' dir='ltr'>quaestione</span> <span class='ocrx_word' id='word_1_108' title='bbox 2603 2994 2728 3054; x_wconf 91' lang='lat' dir='ltr'>sibi</span> <span class='ocrx_word' id='word_1_109' title='bbox 2765 2995 2905 3069; x_wconf 92' lang='lat' dir='ltr'>ipse</span> <span class='ocrx_word' id='word_1_110' title='bbox 2951 2991 3324 3067; x_wconf 88' lang='lat' dir='ltr'>respondet.</span> 
     </span>
     <span class='ocr_line' id='line_1_18' title="bbox 874 3100 2528 3180; baseline 0.001 -13"><span class='ocrx_word' id='word_1_111' title='bbox 874 3100 1120 3167; x_wconf 87' lang='lat' dir='ltr'>Addita</span> <span class='ocrx_word' id='word_1_112' title='bbox 1163 3107 1365 3180; x_wconf 85' lang='lat' dir='ltr'>igitur</span> <span class='ocrx_word' id='word_1_113' title='bbox 1409 3108 1650 3168; x_wconf 88' lang='lat' dir='ltr'>lineola</span> <span class='ocrx_word' id='word_1_114' title='bbox 1696 3109 1895 3168; x_wconf 86' lang='lat' dir='ltr'>verba</span> <span class='ocrx_word' id='word_1_115' title='bbox 1941 3109 2036 3169; x_wconf 92' lang='lat' dir='ltr'>sic</span> <span class='ocrx_word' id='word_1_116' title='bbox 2080 3108 2528 3169; x_wconf 85' lang='lat' dir='ltr'>distinxerim:</span> 
     </span>
    </p>

    <p class='ocr_par' dir='ltr' id='par_1_7' title="bbox 1404 3214 2915 3302">
     <span class='ocr_line' id='line_1_19' title="bbox 1404 3214 2915 3302; baseline 0 -23"><span class='ocrx_word' id='word_1_117' title='bbox 1404 3227 1701 3299; x_wconf 83' lang='grc' dir='ltr'><strong><em>προσθοῦ.</em></strong></span> <span class='ocrx_word' id='word_1_118' title='bbox 1752 3256 1833 3266; x_wconf 89' lang='grc'><strong>-</strong></span> <span class='ocrx_word' id='word_1_119' title='bbox 1880 3231 2002 3282; x_wconf 80' lang='grc' dir='ltr'>ποῦ</span> <span class='ocrx_word' id='word_1_120' title='bbox 2049 3240 2204 3295; x_wconf 60' lang='lat' dir='ltr'>oum</span> <span class='ocrx_word' id='word_1_121' title='bbox 2250 3214 2296 3282; x_wconf 81' lang='grc' dir='ltr'>ὦ</span> <span class='ocrx_word' id='word_1_122' title='bbox 2340 3227 2557 3302; x_wconf 83' lang='grc' dir='ltr'><strong><em>χρυσοῖ</em></strong></span> <span class='ocrx_word' id='word_1_123' title='bbox 2592 3220 2757 3298; x_wconf 81' lang='grc' dir='ltr'><strong><em>θεοί,</em></strong></span> <span class='ocrx_word' id='word_1_124' title='bbox 2802 3217 2915 3279; x_wconf 82' lang='grc' dir='ltr'>κτὲ.</span> 
     </span>
    </p>
   </div>
   <div class='ocr_carea' id='block_1_6' title="bbox 876 3422 3327 3613">
    <p class='ocr_par' dir='ltr' id='par_1_8' title="bbox 876 3422 3327 3613">
     <span class='ocr_line' id='line_1_20' title="bbox 879 3422 3327 3505; baseline -0 -23"><span class='ocrx_word' id='word_1_125' title='bbox 879 3423 988 3485; x_wconf 83' lang='lat' dir='ltr'>Vs,</span> <span class='ocrx_word' id='word_1_126' title='bbox 1039 3425 1188 3485; x_wconf 85' lang='lat'>548.</span> <span class='ocrx_word' id='word_1_127' title='bbox 1326 3425 1519 3485; x_wconf 91' lang='lat' dir='ltr'>Anal.</span> <span class='ocrx_word' id='word_1_128' title='bbox 1560 3426 1700 3487; x_wconf 90' lang='lat' dir='ltr'>crit.</span> <span class='ocrx_word' id='word_1_129' title='bbox 1742 3441 1802 3500; x_wconf 88' lang='lat' dir='ltr'>p.</span> <span class='ocrx_word' id='word_1_130' title='bbox 1845 3428 1927 3487; x_wconf 85' lang='lat'>53</span> <span class='ocrx_word' id='word_1_131' title='bbox 1970 3428 2321 3487; x_wconf 88' lang='lat' dir='ltr'>emendavi</span> <span class='ocrx_word' id='word_1_132' title='bbox 2361 3434 2465 3485; x_wconf 74' lang='grc' dir='ltr'>τοῦ</span> <span class='ocrx_word' id='word_1_133' title='bbox 2503 3434 2685 3505; x_wconf 84' lang='grc' dir='ltr'><strong><em>χοροῦ</em></strong></span> <span class='ocrx_word' id='word_1_134' title='bbox 2722 3431 2859 3501; x_wconf 89' lang='lat' dir='ltr'>(pro</span> <span class='ocrx_word' id='word_1_135' title='bbox 2896 3424 3036 3495; x_wconf 79' lang='grc' dir='ltr'><strong><em>τοὺς</em></strong></span> <span class='ocrx_word' id='word_1_136' title='bbox 3069 3422 3327 3501; x_wconf 81' lang='grc' dir='ltr'><strong><em>χοροὺς).</em></strong></span> 
     </span>
     <span class='ocr_line' id='line_1_21' title="bbox 876 3538 1579 3613; baseline 0.004 -16"><span class='ocrx_word' id='word_1_137' title='bbox 876 3538 1145 3613; x_wconf 88' lang='lat' dir='ltr'>Recepit</span> <span class='ocrx_word' id='word_1_138' title='bbox 1190 3539 1579 3600; x_wconf 87' lang='lat' dir='ltr'>vLeeuwen.</span> 
     </span>
    </p>
   </div>
   <div class='ocr_carea' id='block_1_7' title="bbox 878 3739 3331 4156">
    <p class='ocr_par' dir='ltr' id='par_1_9' title="bbox 878 3739 2732 3821">
     <span class='ocr_line' id='line_1_22' title="bbox 878 3739 2732 3821; baseline 0.002 -24"><span class='ocrx_word' id='word_1_139' title='bbox 878 3739 991 3799; x_wconf 84' lang='lat' dir='ltr'>VS.</span> <span class='ocrx_word' id='word_1_140' title='bbox 1043 3741 1192 3801; x_wconf 84' lang='lat'>562.</span> <span class='ocrx_word' id='word_1_141' title='bbox 1412 3740 1661 3817; x_wconf 69' lang='grc' dir='ltr'><strong><em>ἔβλεψεν</em></strong></span> <span class='ocrx_word' id='word_1_142' title='bbox 1710 3742 1791 3813; x_wconf 81' lang='grc' dir='ltr'>εἴς</span> <span class='ocrx_word' id='word_1_143' title='bbox 1841 3764 1910 3819; x_wconf 86' lang='grc' dir='ltr'>με</span> <span class='ocrx_word' id='word_1_144' title='bbox 1960 3742 2140 3820; x_wconf 80' lang='grc' dir='ltr'><strong><em>δριμὺ</em></strong></span> <span class='ocrx_word' id='word_1_145' title='bbox 2188 3741 2591 3819; x_wconf 82' lang='grc' dir='ltr'><strong><em>κάμυκᾶτό</em></strong></span> <span class='ocrx_word' id='word_1_146' title='bbox 2638 3763 2732 3821; x_wconf 78' lang='grc' dir='ltr'>γε.</span> 
     </span>
    </p>

    <p class='ocr_par' dir='ltr' id='par_1_10' title="bbox 879 3852 3331 4156">
     <span class='ocr_line' id='line_1_23' title="bbox 969 3852 3330 3935; baseline 0.001 -23"><span class='ocrx_word' id='word_1_147' title='bbox 969 3852 1059 3912; x_wconf 90' lang='lat' dir='ltr'>Ut</span> <span class='ocrx_word' id='word_1_148' title='bbox 1109 3856 1389 3931; x_wconf 91' lang='lat' dir='ltr'>passim,</span> <span class='ocrx_word' id='word_1_149' title='bbox 1442 3856 1544 3913; x_wconf 77' lang='grc' dir='ltr'>καί</span> <span class='ocrx_word' id='word_1_150' title='bbox 1592 3891 1668 3899; x_wconf 90' lang='grc'>-</span> <span class='ocrx_word' id='word_1_151' title='bbox 1719 3877 1783 3935; x_wconf 77' lang='grc' dir='ltr'>γε</span> <span class='ocrx_word' id='word_1_152' title='bbox 1834 3858 1940 3918; x_wconf 91' lang='lat' dir='ltr'>hic</span> <span class='ocrx_word' id='word_1_153' title='bbox 1985 3856 2316 3932; x_wconf 86' lang='lat' dir='ltr'>significat</span> <span class='ocrx_word' id='word_1_154' title='bbox 2377 3857 2625 3930; x_wconf 89' lang='lat' dir='ltr'>atque</span> <span class='ocrx_word' id='word_1_155' title='bbox 2688 3857 2908 3916; x_wconf 86' lang='lat' dir='ltr'>ade0.</span> <span class='ocrx_word' id='word_1_156' title='bbox 2977 3854 3330 3915; x_wconf 87' lang='lat' dir='ltr'>Simillime</span> 
     </span>
     <span class='ocr_line' id='line_1_24' title="bbox 879 3966 3331 4048; baseline 0 -21"><span class='ocrx_word' id='word_1_157' title='bbox 879 3984 1038 4027; x_wconf 75' lang='lat' dir='ltr'>mox</span> <span class='ocrx_word' id='word_1_158' title='bbox 1106 3984 1203 4029; x_wconf 78' lang='lat' dir='ltr'>vs,</span> <span class='ocrx_word' id='word_1_159' title='bbox 1277 3969 1404 4029; x_wconf 81' lang='lat'>564</span> <span class='ocrx_word' id='word_1_160' title='bbox 1467 3967 1566 4027; x_wconf 82' lang='grc' dir='ltr'>καὶ</span> <span class='ocrx_word' id='word_1_161' title='bbox 1620 3968 1684 4028; x_wconf 78' lang='grc' dir='ltr'>τὸ</span> <span class='ocrx_word' id='word_1_162' title='bbox 1753 3970 1925 4046; x_wconf 81' lang='grc' dir='ltr'><strong><em>ξίφός</em></strong></span> <span class='ocrx_word' id='word_1_163' title='bbox 1987 3966 2033 4048; x_wconf 80' lang='grc' dir='ltr'>γ’</span> <span class='ocrx_word' id='word_1_164' title='bbox 2100 3968 2333 4028; x_wconf 75' lang='grc' dir='ltr'><strong><em>ἐσπᾶτο.</em></strong></span> <span class='ocrx_word' id='word_1_165' title='bbox 2399 3970 2795 4030; x_wconf 88' lang='lat' dir='ltr'>Monendum</span> <span class='ocrx_word' id='word_1_166' title='bbox 2859 3971 3005 4030; x_wconf 86' lang='lat' dir='ltr'>erat</span> <span class='ocrx_word' id='word_1_167' title='bbox 3061 3970 3331 4043; x_wconf 91' lang='lat' dir='ltr'>propter</span> 
     </span>
     <span class='ocr_line' id='line_1_25' title="bbox 880 4082 2784 4156; baseline 0.001 -15"><span class='ocrx_word' id='word_1_168' title='bbox 880 4082 1207 4156; x_wconf 86' lang='lat' dir='ltr'>Blaydesii</span> <span class='ocrx_word' id='word_1_169' title='bbox 1255 4082 1704 4143; x_wconf 86' lang='lat' dir='ltr'>coniecturam</span> <span class='ocrx_word' id='word_1_170' title='bbox 1753 4087 1816 4143; x_wconf 88' lang='lat' dir='ltr'>et</span> <span class='ocrx_word' id='word_1_171' title='bbox 1863 4084 2238 4144; x_wconf 84' lang='lat' dir='ltr'>Leeuwenii</span> <span class='ocrx_word' id='word_1_172' title='bbox 2284 4083 2784 4143; x_wconf 82' lang='lat' dir='ltr'>dubitationem.</span> 
     </span>
    </p>
   </div>
   <div class='ocr_carea' id='block_1_8' title="bbox 878 4271 3420 5146">
    <p class='ocr_par' dir='ltr' id='par_1_11' title="bbox 879 4271 3331 4460">
     <span class='ocr_line' id='line_1_26' title="bbox 879 4271 3331 4333; baseline -0 -3"><span class='ocrx_word' id='word_1_173' title='bbox 879 4272 993 4331; x_wconf 75' lang='lat' dir='ltr'>Vs,</span> <span class='ocrx_word' id='word_1_174' title='bbox 1042 4273 1191 4332; x_wconf 83' lang='lat'>567.</span> <span class='ocrx_word' id='word_1_175' title='bbox 1329 4272 1406 4331; x_wconf 92' lang='lat' dir='ltr'>In</span> <span class='ocrx_word' id='word_1_176' title='bbox 1458 4274 1651 4332; x_wconf 83' lang='lat' dir='ltr'>textu</span> <span class='ocrx_word' id='word_1_177' title='bbox 1696 4286 1816 4331; x_wconf 91' lang='lat' dir='ltr'>suo</span> <span class='ocrx_word' id='word_1_178' title='bbox 1864 4271 2134 4332; x_wconf 88' lang='lat' dir='ltr'>admisit</span> <span class='ocrx_word' id='word_1_179' title='bbox 2179 4272 2448 4333; x_wconf 88' lang='lat' dir='ltr'>criticus</span> <span class='ocrx_word' id='word_1_180' title='bbox 2492 4272 2836 4332; x_wconf 87' lang='lat' dir='ltr'>Leidensis</span> <span class='ocrx_word' id='word_1_181' title='bbox 2880 4271 3331 4331; x_wconf 85' lang='lat' dir='ltr'>coniecturam</span> 
     </span>
     <span class='ocr_line' id='line_1_27' title="bbox 881 4384 2577 4460; baseline 0.001 -16"><span class='ocrx_word' id='word_1_182' title='bbox 881 4399 1137 4460; x_wconf 86' lang='lat' dir='ltr'>meam,</span> <span class='ocrx_word' id='word_1_183' title='bbox 1187 4400 1386 4457; x_wconf 89' lang='lat' dir='ltr'>quam</span> <span class='ocrx_word' id='word_1_184' title='bbox 1434 4386 1739 4460; x_wconf 86' lang='lat' dir='ltr'>proposui</span> <span class='ocrx_word' id='word_1_185' title='bbox 1787 4386 2025 4446; x_wconf 85' lang='lat' dir='ltr'>Mnem.</span> <span class='ocrx_word' id='word_1_186' title='bbox 2073 4384 2291 4445; x_wconf 90' lang='lat' dir='ltr'>XXIV</span> <span class='ocrx_word' id='word_1_187' title='bbox 2336 4401 2398 4460; x_wconf 90' lang='lat' dir='ltr'>p.</span> <span class='ocrx_word' id='word_1_188' title='bbox 2449 4386 2577 4445; x_wconf 83' lang='lat'>284</span> 
     </span>
    </p>

    <p class='ocr_par' dir='ltr' id='par_1_12' title="bbox 1415 4492 2846 4583">
     <span class='ocr_line' id='line_1_28' title="bbox 1415 4492 2846 4583; baseline 0 -26"><span class='ocrx_word' id='word_1_189' title='bbox 1415 4495 1494 4569; x_wconf 80' lang='grc' dir='ltr'>ὡς</span> <span class='ocrx_word' id='word_1_190' title='bbox 1539 4494 1730 4575; x_wconf 83' lang='grc' dir='ltr'><em>ἡδέως</em></span> <span class='ocrx_word' id='word_1_191' title='bbox 1779 4495 1855 4557; x_wconf 77' lang='grc' dir='ltr'>ἄν</span> <span class='ocrx_word' id='word_1_192' title='bbox 1902 4514 2013 4558; x_wconf 88' lang='grc' dir='ltr'>σου</span> <span class='ocrx_word' id='word_1_193' title='bbox 2057 4498 2212 4583; x_wconf 78' lang='grc' dir='ltr'><strong><em>λίθῳ</em></strong></span> <span class='ocrx_word' id='word_1_194' title='bbox 2252 4492 2681 4575; x_wconf 81' lang='grc' dir='ltr'><strong><em>’κκόπτοιμ’</em></strong></span> <span class='ocrx_word' id='word_1_195' title='bbox 2734 4495 2846 4576; x_wconf 75' lang='grc' dir='ltr'>ἐγὼ</span> 
     </span>
    </p>

    <p class='ocr_par' dir='ltr' id='par_1_13' title="bbox 1415 4587 2839 4690">
     <span class='ocr_line' id='line_1_29' title="bbox 1415 4587 2839 4690; baseline 0 -21"><span class='ocrx_word' id='word_1_196' title='bbox 1415 4609 1554 4683; x_wconf 80' lang='grc' dir='ltr'><strong><em>τοὺς</em></strong></span> <span class='ocrx_word' id='word_1_197' title='bbox 1599 4587 1927 4690; x_wconf 76' lang='grc' dir='ltr'><strong><em>γομφίους,</em></strong></span> <span class='ocrx_word' id='word_1_198' title='bbox 1974 4604 2062 4681; x_wconf 80' lang='grc' dir='ltr'>οἷς</span> <span class='ocrx_word' id='word_1_199' title='bbox 2109 4610 2438 4690; x_wconf 76' lang='grc' dir='ltr'><strong><em>κατέφαγες</em></strong></span> <span class='ocrx_word' id='word_1_200' title='bbox 2486 4607 2558 4670; x_wconf 73' lang='grc' dir='ltr'>τά</span> <span class='ocrx_word' id='word_1_201' title='bbox 2605 4611 2839 4689; x_wconf 82' lang='grc' dir='ltr'><strong><em>φορτία.</em></strong></span> 
     </span>
    </p>

    <p class='ocr_par' dir='ltr' id='par_1_14' title="bbox 878 4722 3420 5146">
     <span class='ocr_line' id='line_1_30' title="bbox 974 4722 3334 4799; baseline 0 -17"><span class='ocrx_word' id='word_1_202' title='bbox 974 4726 1201 4782; x_wconf 60' lang='lat' dir='ltr'>Haecin</span> <span class='ocrx_word' id='word_1_203' title='bbox 1249 4727 1477 4784; x_wconf 92' lang='lat' dir='ltr'>tamen</span> <span class='ocrx_word' id='word_1_204' title='bbox 1526 4740 1609 4784; x_wconf 91' lang='lat' dir='ltr'>an</span> <span class='ocrx_word' id='word_1_205' title='bbox 1656 4740 1785 4784; x_wconf 92' lang='lat' dir='ltr'>non</span> <span class='ocrx_word' id='word_1_206' title='bbox 1833 4726 2078 4786; x_wconf 91' lang='lat' dir='ltr'>rectius</span> <span class='ocrx_word' id='word_1_207' title='bbox 2125 4726 2352 4785; x_wconf 90' lang='lat' dir='ltr'>Herm.</span> <span class='ocrx_word' id='word_1_208' title='bbox 2402 4725 2512 4785; x_wconf 91' lang='lat'>1.1.</span> <span class='ocrx_word' id='word_1_209' title='bbox 2555 4728 2897 4799; x_wconf 89' lang='lat' dir='ltr'>praeterea</span> <span class='ocrx_word' id='word_1_210' title='bbox 2935 4722 3334 4784; x_wconf 89' lang='lat' dir='ltr'>coniecerim</span> 
     </span>
     <span class='ocr_line' id='line_1_31' title="bbox 878 4820 3420 4914; baseline 0.001 -20"><span class='ocrx_word' id='word_1_211' title='bbox 878 4838 930 4894; x_wconf 61' lang='lat' dir='ltr'>*a</span> <span class='ocrx_word' id='word_1_212' title='bbox 958 4866 982 4894; x_wconf 60' lang='lat' dir='ltr'>a</span> <span class='ocrx_word' id='word_1_213' title='bbox 1006 4842 1034 4894; x_wconf 61' lang='lat' dir='ltr'>si</span> <span class='ocrx_word' id='word_1_214' title='bbox 1062 4833 1289 4913; x_wconf 40' lang='lat' dir='ltr'>mma,</span> <span class='ocrx_word' id='word_1_215' title='bbox 1334 4839 1446 4911; x_wconf 85' lang='lat' dir='ltr'>qui</span> <span class='ocrx_word' id='word_1_216' title='bbox 1492 4840 1781 4899; x_wconf 86' lang='lat' dir='ltr'>aoristus</span> <span class='ocrx_word' id='word_1_217' title='bbox 1827 4844 1893 4898; x_wconf 82' lang='lat' dir='ltr'>et</span> <span class='ocrx_word' id='word_1_218' title='bbox 1930 4854 2044 4914; x_wconf 89' lang='lat' dir='ltr'>per</span> <span class='ocrx_word' id='word_1_219' title='bbox 2081 4855 2152 4899; x_wconf 90' lang='lat' dir='ltr'>se</span> <span class='ocrx_word' id='word_1_220' title='bbox 2191 4841 2488 4914; x_wconf 87' lang='lat' dir='ltr'>praestat</span> <span class='ocrx_word' id='word_1_221' title='bbox 2525 4842 2594 4900; x_wconf 88' lang='lat' dir='ltr'>et</span> <span class='ocrx_word' id='word_1_222' title='bbox 2630 4837 3060 4900; x_wconf 87' lang='lat' dir='ltr'>confirmatur</span> <span class='ocrx_word' id='word_1_223' title='bbox 3096 4837 3337 4897; x_wconf 86' lang='lat' dir='ltr'>vicinis</span> <span class='ocrx_word' id='word_1_224' title='bbox 3414 4820 3420 4825; x_wconf 45' lang='lat'><strong>⁴</strong></span> 
     </span>
     <span class='ocr_line' id='line_1_32' title="bbox 890 4949 3334 5028; baseline -0.001 -18"><span class='ocrx_word' id='word_1_225' title='bbox 890 4954 1150 5010; x_wconf 52' lang='lat' dir='ltr'>afflat-is</span> <span class='ocrx_word' id='word_1_226' title='bbox 1194 4967 1286 5012; x_wconf 78' lang='lat' dir='ltr'>vs,</span> <span class='ocrx_word' id='word_1_227' title='bbox 1331 4952 1459 5012; x_wconf 85' lang='lat'>574</span> <span class='ocrx_word' id='word_1_228' title='bbox 1502 4967 1598 5025; x_wconf 87' lang='lat' dir='ltr'>sq.</span> <span class='ocrx_word' id='word_1_229' title='bbox 1641 4949 2067 5027; x_wconf 75' lang='grc' dir='ltr'><strong><em>ἕμβάλοιμι</em></strong></span> <span class='ocrx_word' id='word_1_230' title='bbox 2117 4953 2182 5011; x_wconf 85' lang='lat' dir='ltr'>et</span> <span class='ocrx_word' id='word_1_231' title='bbox 2230 4949 2654 5028; x_wconf 78' lang='grc' dir='ltr'><strong><em>ἐκτέμοιμι.</em></strong></span> <span class='ocrx_word' id='word_1_232' title='bbox 2703 4952 2970 5025; x_wconf 88' lang='lat' dir='ltr'>Requiri</span> <span class='ocrx_word' id='word_1_233' title='bbox 3009 4951 3334 5011; x_wconf 85' lang='lat' dir='ltr'>aoristum</span> 
     </span>
     <span class='ocr_line' id='line_1_33' title="bbox 894 5040 3195 5146; baseline -0.001 -20"><span class='ocrx_word' id='word_1_234' title='bbox 894 5066 1166 5138; x_wconf 50' lang='lat' dir='ltr'>may-*iffi</span> <span class='ocrx_word' id='word_1_235' title='bbox 1215 5080 1467 5146; x_wconf 86' lang='lat' dir='ltr'>quoque</span> <span class='ocrx_word' id='word_1_236' title='bbox 1514 5064 1875 5144; x_wconf 78' lang='lat' dir='ltr'>intellexit,</span> <span class='ocrx_word' id='word_1_237' title='bbox 1926 5079 2206 5141; x_wconf 88' lang='lat' dir='ltr'>quocum</span> <span class='ocrx_word' id='word_1_238' title='bbox 2253 5081 2368 5141; x_wconf 88' lang='lat' dir='ltr'>pro</span> <span class='ocrx_word' id='word_1_239' title='bbox 2415 5080 2552 5128; x_wconf 90' lang='grc' dir='ltr'>σου</span> <span class='ocrx_word' id='word_1_240' title='bbox 2600 5064 2835 5129; x_wconf 85' lang='lat' dir='ltr'>malim</span> <span class='ocrx_word' id='word_1_241' title='bbox 2882 5080 3025 5130; x_wconf 87' lang='grc' dir='ltr'><strong><em>σοι.</em></strong></span> <span class='ocrx_word' id='word_1_242' title='bbox 3192 5040 3195 5044; x_wconf 40' lang='grc'><strong>’</strong></span> 
     </span>
    </p>
   </div>
   <div class='ocr_carea' id='block_1_9' title="bbox 3688 5056 3694 6102">
    <p class='ocr_par' dir='ltr' id='par_1_15' title="bbox 3688 5056 3694 6102">
     <span class='ocr_line' id='line_1_34' title="bbox 3688 5056 3694 6102; baseline 0 0"><span class='ocrx_word' id='word_1_243' title='bbox 3688 5056 3694 6102; x_wconf 95' lang='lat' dir='ltr'> </span> 
     </span>
    </p>
   </div>
  </div>
 </body>
</html>
