3867 6450
840 1058 881 1116 59

232 1236 302 1297 Vs.
327 1239 403 1299 479.
513 1238 577 1300 ὅσοι
606 1235 630 1318 γ’
663 1239 763 1300 αὐτῶν
793 1240 954 1320 ἔχονται
984 1250 1052 1302 τοῦ
1083 1242 1214 1314 ξύλου.

288 1350 455 1411 Richards
477 1349 685 1430 ἐνέχονται
708 1362 754 1435 τῷ
778 1353 885 1437 ξύλῳ.
910 1355 1069 1415 Attamen
1093 1354 1134 1416 cf.
1159 1371 1208 1416 vs.
1233 1358 1309 1417 534.

234 1589 303 1650 Vs.
329 1591 406 1650 563.
475 1588 521 1651 Oi.
553 1591 671 1652 Mnem.
702 1591 759 1652 l.l.
790 1607 820 1666 p.
853 1594 927 1653 273.
960 1625 1002 1636 -
1033 1591 1089 1652 Vs.
1121 1594 1197 1655 567.
1230 1593 1320 1669 Quod
1346 1594 1392 1655 ibi
1414 1611 1472 1671 pro

233 1701 349 1761 αὐτῶν
373 1703 592 1778 proponebam
616 1702 718 1774 αὐτοῖς
740 1707 898 1780 typorum
923 1705 1043 1765 vitium
1066 1708 1120 1765 est
1142 1720 1199 1781 pro
1223 1706 1335 1778 αὐταῖς.

236 1940 304 2004 Vs.
329 1942 408 2018 689,
434 1943 512 2018 693,
537 1943 601 2002 729
623 1959 672 2017 sq.
740 1943 786 2005 (li.
811 1944 931 2006 Mnem.
955 1944 1010 2005 l.l.
1033 1960 1064 2019 p.
1089 1945 1154 2006 274
1178 1960 1226 2019 sq.

235 2180 305 2240 vs.
331 2181 405 2241 roc.
474 2182 561 2242 Ante
588 2198 643 2243 me
674 2184 798 2254 (serm.
823 2184 845 2245 l.
876 2199 907 2259 p.
928 2185 1005 2252 oro
1033 2182 1131 2260 σῶμα
1157 2184 1190 2244 in
1217 2140 1322 2261 φαμέν
1345 2186 1473 2244 mutan-

235 2294 327 2353 dum
352 2308 423 2353 esse
446 2295 635 2370 suspicatus
658 2300 710 2357 est
733 2297 889 2358 Meineke.
914 2296 961 2357 Os.
987 2298 1107 2358 linem.
1132 2298 1187 2359 l.l.
1211 2314 1241 2373 p.
1267 2299 1342 2358 274.

237 2544 304 2604 VS.
330 2544 405 2605 831.
512 2543 564 2617 τὰς
596 2544 1100 2626 ἐνδιαεριαυερῖνρχέτοας
1130 2546 1223 2621 τινάς.

292 2658 479 2718 Innumeris
505 2659 603 2720 huius
622 2660 773 2722 vocabuli
797 2661 1054 2722 correctionibus
1076 2676 1161 2735 quae
1187 2663 1376 2738 propositae
1398 2666 1477 2724 sunt

237 2788 347 2833 suam
387 2773 511 2832 addidit
551 2776 584 2834 et
618 2775 651 2834 in
684 2776 816 2835 textum
853 2776 975 2849 recepit
1009 2776 1124 2835 Mezen
1158 2773 1475 2853 ἐνδιααεριαερν-

238 2883 454 2962 νηχένοας,
484 2888 536 2947 cui
567 2890 680 2947 temen
711 2887 822 2948 obstet
855 2889 940 2961 quod
974 2889 1015 2947 in
1051 2904 1147 2949 aere
1178 2889 1310 2962 quidem
1341 2891 1375 2949 et
1403 2904 1475 2964 per

239 3013 388 3059 aerem
410 3000 517 3060 notari
536 3000 661 3070 (volari)
681 3001 801 3076 potest,
826 3015 891 3061 non
915 3015 994 3061 vero
1018 3001 1131 3061 circe
1153 3000 1474 3074 aerem.1ntellegi

239 3112 363 3187 posset
393 3108 880 3191 ἔνδιαεριπερινηχέτους,
909 3114 930 3175 i.
950 3130 979 3175 e.
1005 3113 1200 3191 περινεούσας
1225 3110 1257 3172 ἔν
1280 3135 1310 3173 τε
1336 3110 1402 3190 ἀέρι
1424 3110 1475 3171 καὶ

241 3220 286 3286 δι’
319 3222 414 3303 ἀέρος.
445 3228 507 3288 Sed
535 3229 648 3304 quidni
678 3229 786 3304 potrus
820 3230 1006 3290 mutatione
1036 3230 1215 3305 perexigua
1248 3229 1473 3290 rescribimus:

241 3339 757 3420 ἐνδιαεριααρονηχὲεονς,
799 3343 819 3404 i.
853 3359 882 3403 e.
916 3343 958 3402 in
998 3347 1084 3412 (aere
1127 3342 1282 3417 aurisque
1316 3345 1360 3412 et)
1403 3357 1474 3417 per

240 3469 387 3514 aerem
416 3469 625 3528 auresque
655 3456 881 3516 natantes?

241 3704 305 3764 Vs.
331 3704 403 3766 838.
473 3703 714 3766 correctionem
728 3721 837 3767 mecm
850 3706 902 3768 1.1.
924 3700 953 3766 δ’
975 3701 1019 3785 ἄρ’
1038 3722 1096 3781 pro
1111 3705 1167 3785 γάρ
1180 3706 1257 3775 (vid.
1271 3706 1385 3767 Herm.
1405 3706 1427 3766 l.
1440 3705 1474 3776 l.)

240 3817 371 3890 recepit
394 3817 519 3877 Mezen.
546 3852 586 3861 —
611 3818 657 3878 De
683 3834 730 3879 vs.
755 3819 818 3880 871
844 3819 884 3880 ci.
908 3820 1030 3882 linem.
1053 3819 1110 3882 l.l.

242 4054 306 4115 Vs,
331 4055 405 4115 873.
514 4055 605 4117 Serv.
629 4056 676 4116 eil
684 4079 726 4134 τη
753 4058 868 4135 Θεωρία
887 4052 979 4133 ’στιν,
1001 4054 1041 4135 ἣν
1063 4054 1149 4135 ἡμεῖς
1172 4079 1242 4118 ποτε

626 4167 768 4245 ἐπαίομεν
793 4167 992 4250 Βραυρῶνάδ’
1022 4169 1267 4242 §consensorem

453 4291 456 4295 '
517 4281 614 4356 Tryg.
638 4277 706 4359 σάφ’
732 4282 812 4359 ἴσθι,
841 4282 1032 4362 κάλήφθη
1063 4305 1095 4363 γε
1127 4285 1219 4361 μόλις.

294 4393 333 4452 In
355 4394 496 4454 editione
519 4410 595 4455 mee
618 4396 787 4457 adnotavi:
815 4396 902 4474 αὕτη]
931 4413 973 4458 an
997 4395 1097 4474 aivi?
1120 4399 1190 4458 Hoc
1209 4396 1310 4457 tacite
1329 4395 1476 4471 reposuit

242 4507 376 4584 Mezen,
413 4509 494 4569 nibil
532 4508 767 4572 obscurissimo
800 4511 871 4572 loco
905 4511 990 4572 lucis
1024 4511 1165 4572 afferens
1197 4509 1379 4572 incredibili
1415 4523 1476 4569 sua

242 4621 429 4696 sententia,
464 4622 595 4700 θεωρίαν
624 4619 663 4700 ἣν
691 4622 833 4702 ἐπαίομεν
852 4623 1038 4699 significare
1062 4625 1189 4686 scilicet
1214 4628 1255 4696 (l)
1278 4624 1412 4702 θεωρίαν
1435 4618 1474 4699 ἣν

241 4733 438 4810 ἐθεωροῦμεν
473 4737 611 4811 τύμπανα
647 4738 799 4813 παίοντες,
824 4755 906 4812 quae
941 4740 1050 4814 opinio
1084 4739 1224 4799 minime
1262 4737 1476 4799 confirmatur
1522 4732 1528 4740 '

242 4848 358 4908 verbis
387 4850 458 4908 toto
489 4850 579 4910 coelo
609 4851 751 4912 diversis
774 4856 808 4912 et
830 4854 1093 4929 expeditissimis
1116 4852 1288 4913 Strabonis
1310 4851 1370 4911 XV
1394 4850 1474 4910 750:

239 4960 276 5022 τὸ
304 4962 376 5032 τοὺς
400 4962 530 5040 βασιλεῖς
553 4964 842 5045 κωδωνοφορεῖσθαι
865 4965 915 5026 καὶ
942 4967 1194 5044 τυμπανίζεσθαι,
1216 4967 1254 5027 ut
1276 4964 1411 5025 mittam
1433 4981 1475 5025 ne

237 5082 290 5142 sie
328 5079 462 5152 quidem
497 5079 643 5156 intellegi
679 5096 777 5156 posse
811 5081 952 5157 Trygaei
990 5096 1195 5157 responsum.
1231 5079 1312 5156 Quin
1346 5078 1474 5140 nullam
