3867 6450
374 1545 459 1624 AD
503 1541 1180 1627 THESMOPHORIAZUSAS.

188 1975 231 2034 Vs.
254 1977 268 2034 1
290 1991 357 2050 sqq.
433 1975 506 2034 Vid.
531 1974 651 2034 Mnem.
675 1973 787 2032 XXXI
811 1989 841 2048 p.
867 1974 931 2032 270
954 1989 1003 2046 sq.

188 2201 231 2260 Vs.
254 2204 299 2262 12.
366 2202 418 2263 ci.
444 2202 500 2264 il.
525 2202 622 2262 Hune
644 2216 778 2261 versum
803 2201 872 2260 iem
891 2215 919 2261 e.
943 2201 1028 2260 1882
1049 2201 1205 2261 damnavi
1225 2203 1344 2264 Mnem.
1364 2203 1395 2263 X

118 2400 119 2411 ρ
188 2329 211 2387 p.
231 2315 277 2376 82.

118 2578 119 2589 ρ
188 2518 232 2578 Vs.
254 2522 301 2581 21.
392 2511 482 2579 οίόυ
512 2542 539 2578 τι
569 2519 644 2578 πού
670 2511 747 2576 ’στιν
779 2517 810 2576 oct
840 2515 934 2593 σοφαὶ
964 2518 1129 2590 ξυνουσίαι.

223 2609 318 2693 Recte
343 2635 454 2694 editor
485 2633 631 2692 offensus
662 2632 781 2692 vocula
810 2652 870 2691 που
900 2633 1069 2706 ingeniose
1100 2625 1166 2692 οἷον
1193 2635 1336 2694 mutavit
1363 2635 1396 2694 in

118 2784 119 2791 ο
189 2749 272 2821 θεῖον,
299 2749 384 2821 quod
417 2762 483 2806 non
518 2748 591 2806 eine
622 2746 733 2818 aliqua
762 2746 967 2806 dubitatione
998 2746 1134 2821 accipio,
1160 2747 1235 2819 quia
1258 2748 1397 2808 admira-

118 2880 119 2921 ς
189 2858 277 2919 tivum
305 2854 371 2920 οἷον
403 2859 504 2920 habet
533 2859 619 2933 quod
650 2859 718 2919 iere
745 2860 855 2932 magis
886 2859 1024 2933 placeat.
1049 2858 1171 2919 Verum
1202 2861 1315 2920 temen
1346 2864 1398 2922 eet

190 2986 276 3044 neque
304 2975 399 3034 illam
433 2973 630 3048 perticulam
663 2987 771 3045 neque
801 2973 916 3048 aliam,
948 2976 985 3032 ut
1007 2995 1052 3032 τοι
1075 2975 1108 3033 et
1128 2971 1165 3048 δή
1189 2974 1223 3032 ot
1245 2970 1329 3048 ποτέ,
1351 2973 1398 3033 ite

190 3085 250 3145 addi
269 3089 432 3163 potuisse,
457 3084 568 3160 itaque
592 3087 674 3146 nihil
697 3086 837 3159 relinqui
859 3090 990 3161 praeter
1008 3087 1143 3147 voculae
1162 3108 1222 3146 που
1243 3087 1397 3148 cancella·

118 3222 119 3230 ν
189 3199 307 3263 tionem.
329 3202 432 3263 Nasoi
454 3216 535 3263 sane
557 3201 666 3277 potuit
689 3216 732 3261 ex
754 3222 812 3273 τοι,
834 3200 896 3260 hoo
919 3215 997 3274 vero
1021 3216 1062 3261 ex
1085 3223 1120 3259 τι.
1145 3235 1178 3245 -
1210 3199 1400 3277 Fragmenti

191 3313 343 3389 sophoclei
368 3316 463 3377 citati
486 3331 506 3375 a
524 3316 706 3375 scholiasta
729 3314 794 3373 tria
811 3314 930 3374 ultima
949 3314 1049 3375 verba
1068 3313 1102 3372 αἱ
1118 3295 1222 3390 σοφῶν
1242 3316 1401 3375 συνουσίαι

190 3428 275 3489 etiam
298 3432 497 3505 repetuntur
520 3444 540 3488 a
561 3429 698 3489 Libanio
723 3428 775 3489 Or.
799 3427 814 3486 Ι
838 3431 856 3499 ἐ
883 3429 955 3488 164.

190 3652 234 3715 Vs.
256 3658 295 3718 46
318 3672 392 3731 sqq.
462 3654 509 3716 Oi.
540 3656 660 3717 Mnem.
692 3655 820 3715 XXXII
850 3670 880 3729 p.
912 3656 975 3715 271
1009 3658 1043 3716 et
1065 3656 1185 3716 ibidem
1209 3657 1249 3718 de
1272 3674 1322 3719 ve.
1347 3660 1400 3719 74.

118 3889 119 3902 ¹
189 3881 235 3943 VS.
257 3886 307 3947 80.
402 3881 484 3944 ἐπεί
514 3884 624 3962 τρίτη
650 3878 724 3942 ’στι
757 3881 973 3960 Θεσμοφορίων
1004 3878 1023 3959 ἡ
1055 3880 1136 3961 μέση.

118 3989 119 4000 ’
225 3999 384 4074 Aenigme
423 3998 502 4058 oiim
543 4000 674 4059 solvere
716 4001 854 4059 conatus
893 4013 968 4058 eum
1004 3998 1207 4059 coniciendo:
1244 3996 1403 4079 ἐπείπερ

189 4107 296 4189 ἐστὶν,
337 4115 399 4173 aut
435 4108 521 4171 ἐπεί
551 4106 649 4170 ’στιν
684 4110 751 4188 ἥδε
786 4112 869 4180 (eive
902 4105 974 4187 ἡδί).
1009 4110 1072 4171 Sed
1106 4112 1248 4173 fortasse
1282 4115 1405 4174 rectius

118 4291 119 4296 ἵ
190 4224 362 4286 vieeuwen
393 4225 551 4285 audacius
581 4225 752 4299 rescripsit
785 4221 871 4283 ἐπεί
899 4217 982 4282 ἐσθ’
1018 4221 1147 4302 ἑορτή,
1178 4227 1255 4299 quia
1285 4226 1406 4287 clarius

118 4309 119 4398 ί
188 4335 228 4395 iia
258 4337 463 4414 significatur
496 4324 616 4398 iustitii
651 4353 760 4398 cause.
795 4372 836 4381 -
871 4337 918 4397 De
952 4338 1058 4398 tribus
1093 4338 1207 4399 diebus
1238 4340 1334 4400 iestis
1365 4342 1405 4402 oi.

118 4431 119 4446 ³
189 4450 390 4526 Aloiphronis
412 4466 460 4527 ep.
485 4451 526 4512 II.
551 4454 592 4512 37
618 4453 679 4521 (ed.
704 4452 863 4526 Schepere
887 4466 937 4526 ap.
962 4451 1105 4522 Tenon).

189 4674 252 4737 Vss.
277 4680 341 4739 118
365 4679 494 4739 tentavi
514 4679 635 4739 Mnem.
654 4678 782 4738 XXXII
801 4695 832 4753 p.
854 4680 929 4740 272.
951 4714 991 4723 -
1013 4680 1099 4741 Item
1120 4698 1168 4742 vs.
1193 4684 1255 4743 120
1276 4685 1311 4743 et
1331 4685 1406 4745 206.

189 4902 236 4965 Vs.
260 4907 325 4966 229
349 4921 419 4979 sqq.
487 4907 534 4966 De
570 4905 812 4966 concumbendi
843 4907 951 4967 modis
986 4908 1026 4968 oi.
1062 4908 1229 4970 Weidneri
1258 4914 1339 4972 nota
1369 4916 1409 4973 ad

188 5015 326 5080 Iuvenal.
351 5011 395 5078 VI
416 5021 495 5095 406,
521 5020 573 5080 oui
596 5018 679 5079 adde
703 5018 952 5099 δωδεκαμήχανος
976 5022 1057 5082 Ren.
1085 5024 1168 5083 1323
1194 5027 1227 5084 et
1251 5026 1410 5101 [Luciani]

189 5131 275 5193 Asin.
300 5149 371 5207 cap.
395 5132 478 5191 VIII'
496 5148 545 5206 sq.
