3867 6450
808 1074 849 1132 71

259 1258 405 1333 Reliquis
449 1260 572 1321 criticis
616 1259 738 1321 melius
783 1275 827 1318 ex
867 1276 943 1319 mea
981 1261 1115 1335 quidem
1155 1261 1322 1321 sententia
1361 1260 1441 1321 olim

221 1370 253 1429 d.
289 1372 461 1433 Hermann
497 1374 641 1433 correxit
672 1367 748 1430 ’σθ’
788 1371 955 1446 ἅπαντα,
988 1389 1067 1432 nam
1100 1373 1219 1432 ἅπαντα
1252 1374 1441 1448 oppositum

219 1487 420 1546 antecedenti
439 1485 476 1546 τὰ
496 1485 591 1546 πολλὰ
613 1486 720 1547 multo
741 1487 882 1561 lepidius
903 1487 1036 1547 videtur
1058 1502 1158 1560 quam
1181 1487 1265 1560 quod
1288 1485 1441 1561 plauden-

219 1597 302 1658 tibus
323 1600 442 1659 multis
463 1600 564 1660 Halm
587 1600 760 1675 proposuit
780 1597 965 1658 τάλαντα.

257 1710 318 1770 Pro
343 1713 460 1785 primis
482 1713 593 1773 verbis
615 1713 802 1773 vLeeuwen
824 1712 865 1773 de
887 1727 949 1773 suo
972 1713 1134 1787 reposuit:

460 1806 552 1885 'stt'
585 1820 652 1884 ἔστ’
685 1823 725 1884 ἕν
755 1825 854 1908 αὐτῇ
882 1835 929 1908 γῇ
959 1826 1241 1904 Νεφελοκοκκυγία,

220 1940 342 1997 mutato
358 1940 454 2012 signo
471 1939 694 2013 interrogandi
711 1940 746 1998 in
757 1939 938 2013 virgulam,
957 1939 1150 1999 acutissime
1163 1953 1244 1998 sane
1260 1954 1320 1998 nec
1337 1938 1438 2016 male,

220 2050 273 2109 sed
301 2051 418 2111 eodem
450 2066 553 2113 sensu
585 2067 662 2112 cum
685 2052 852 2125 ltlmsleyo
874 2067 1039 2126 reponens
1060 2049 1171 2130 αὑτηγί
1191 2066 1249 2126 pro
1271 2046 1393 2128 obtqy'
1420 2045 1439 2125 ἡ

220 2162 321 2224 locum
340 2167 390 2225 sic
405 2166 773 2240 interpretorzlionne
792 2168 921 2226 baece
941 2169 1007 2225 est
1026 2165 1438 2241 Nephelococcygia,

221 2279 254 2335 ut
274 2278 361 2338 dicat
382 2280 464 2339 haec
484 2279 659 2354 Euelpides
682 2279 779 2353 (quod
801 2294 856 2338 me
878 2279 1011 2352 quidem
1035 2279 1141 2339 iudice
1167 2277 1275 2336 multo
1293 2277 1346 2333 est
1364 2273 1440 2348 lepi-

221 2390 297 2459 dius)
328 2391 469 2465 digitum
496 2393 672 2454 intendens
700 2394 735 2453 in
766 2395 1051 2467 spectatores,
1082 2406 1165 2465 quos
1187 2389 1348 2466 genuinos
1371 2402 1439 2460 ger·
1517 2385 1521 2392 “

221 2518 395 2579 manesque
423 2506 767 2581 Nephecoccygienses
796 2521 870 2567 esse
900 2507 1018 2566 innuit.
1049 2506 1160 2579 Neque
1179 2505 1267 2564 enim
1291 2516 1440 2562 necessa·

221 2617 298 2676 rium
323 2617 406 2678 duco
429 2621 559 2679 mutare
581 2619 734 2679 voculam
758 2612 831 2696 ἆρα,
853 2620 973 2694 quippe
995 2633 1078 2691 quae
1097 2618 1290 2692 plerumque
1309 2615 1440 2688 quidem

221 2727 408 2804 simpliciter
425 2735 522 2805 rogat
545 2735 594 2801 (ut
611 2727 672 2810 an)
690 2735 752 2800 aut
771 2732 858 2792 idem
882 2730 1047 2806 significet
1066 2731 1151 2805 quod
1169 2723 1228 2804 ἆρα
1246 2729 1287 2805 μή
1308 2732 1439 2804 (num),

222 2843 273 2900 sed
295 2843 384 2903 baud
407 2859 481 2903 raro
507 2845 609 2904 etiam
633 2846 765 2919 ponitur
787 2860 847 2920 pro
869 2837 913 2917 ἆρ’
939 2843 977 2902 οὐ
1001 2848 1174 2919 (nonne),
1199 2845 1237 2904 ut
1258 2843 1334 2903 Pac.
1354 2840 1438 2900 1087

222 2945 273 3030 ἆρα
304 2957 414 3015 παύσει
447 2957 640 3029 φεναικίζων;
673 2957 756 3018 Nub.
792 2958 857 3018 805
887 2950 932 3033 ἆρ’
967 2958 1111 3017 αἰσθάνει
1142 2961 1263 3016 πλεῖστα
1298 2953 1330 3013 δί
1361 2950 1439 3031 ἡμᾶς

222 3060 305 3143 αὐτίχ’
330 3064 418 3140 {gom
437 3068 517 3129 Nub.
540 3071 626 3130 1094
637 3061 695 3144 ἆρα
719 3063 779 3143 δῆτ’
802 3067 934 3147 ἔγνωκας
954 3067 995 3141 ὣς
1014 3068 1105 3129 οὐδὲν
1124 3068 1228 3149 λέγεις
1248 3069 1330 3129 Nub.
1354 3067 1439 3128 1329

222 3170 259 3255 ἆρ’
280 3174 364 3241 οἷσθ’
390 3181 435 3243 ὅτι
456 3184 547 3263 χαίρω
569 3178 650 3244 πόλλ’
676 3180 798 3243 ἀκούων
820 3181 871 3243 καί
892 3183 985 3257 κακοί;
1005 3186 1082 3260 Lys.
1105 3187 1169 3248 648
1188 3177 1247 3259 ἆρα
1265 3181 1439 3260 προύφείλω

223 3316 245 3351 τι
274 3295 398 3373 χρηστὸν
431 3308 468 3381 τῇ
498 3296 582 3358 πόλει
609 3296 788 3377 παραινέσαι
817 3300 851 3358 et
879 3299 958 3359 alibi
987 3301 1127 3375 passim,
1160 3299 1439 3374 quemadmodum

221 3420 310 3482 saepe
350 3410 456 3472 latina
489 3413 608 3474 vocula
639 3428 689 3473 ne
721 3413 856 3488 ponitur
888 3428 948 3488 pro
982 3429 1126 3474 nonne.
1162 3413 1287 3473 Pendet
1319 3412 1439 3486 ubique

221 3523 349 3584 voculae
371 3521 567 3599 significatio
590 3539 610 3584 a
631 3527 711 3587 tono
735 3527 826 3587 vocis
848 3528 883 3587 et
905 3526 1007 3587 minis
1030 3526 1205 3601 loquentis.

258 3636 341 3698 'ium
365 3652 442 3698 vero
466 3652 515 3698 vs.
540 3638 603 3698 821
624 3639 821 3699 Pisetaerus‘
837 3640 915 3700 huic
934 3639 1033 3701 amici
1055 3641 1108 3699 sui
1132 3641 1165 3699 et
1188 3640 1312 3700 sodalis
1335 3638 1436 3698 obiec-

219 3748 307 3825 tioni,
331 3751 399 3811 iam
423 3750 571 3811 Athenas
593 3752 914 3828 Nephalocoocygiae
937 3768 1059 3813 nomen
1083 3754 1154 3814 iure
1173 3754 1237 3813 sibi
1257 3753 1437 3826 vindicare,

109 3847 110 3881 ³
220 3861 381 3939 primitus,
405 3865 439 3923 ni
462 3863 571 3941 fallor,
596 3866 644 3926 sio
666 3866 875 3941 respondisse
898 3866 1083 3926 censendus
1105 3868 1171 3926 est:

718 3979 931 4038 κάλλιστον
955 3983 1024 4053 (pro
1047 3974 1097 4037 καί
1120 3982 1233 4061 λῷον)
1259 3974 1314 4055 μὲν
1338 3969 1394 4038 οὖν

483 4085 599 4167 (ὄνομ’
625 4088 685 4150 ἐστι
708 4098 796 4151 τοῦτο
820 4100 855 4174 τῇ
878 4090 1036 4175 νεοκτίστῳ
1059 4090 1143 4151 πόλει

259 4316 320 4376 Sed
344 4316 419 4390 quid
442 4292 563 4378 faciam
585 4318 713 4379 duobus
737 4317 888 4379 versibus
911 4319 1141 4393 sequentibus:

479 4428 511 4489 τὸ
538 4427 671 4509 Φλέγρας
693 4430 814 4506 πεδίον,
837 4424 873 4489 ἵν’
900 4429 930 4490 ot
951 4428 1021 4490 θεοί
1043 4428 1113 4501 τοὺς
1135 4433 1270 4509 γηγενεῖς

478 4540 730 4619 ἀλαζονευόμενοί
749 4539 827 4604 ποθ’
854 4543 1092 4623 ὑπερηκόντισαν

109 4683 110 4692 1
220 4658 347 4716 omnino
370 4671 435 4717 non
459 4657 566 4732 video,
588 4660 622 4717 et
642 4660 721 4718 nata
740 4659 792 4718 est
810 4657 894 4717 mibi
917 4658 1061 4733 suspicio
1084 4659 1166 4719 haec
1188 4657 1289 4717 verba
1306 4657 1439 4737 propter

220 4767 357 4829 similem
387 4760 588 4829 sententiam
619 4768 783 4842 quondam
810 4783 829 4828 a
856 4768 977 4829 lectore
1001 4785 1018 4829 e
1041 4769 1210 4845 deperdita
1233 4767 1345 4829 tabula
1367 4767 1438 4825 sive

221 4876 317 4952 ipsius
339 4880 570 4955 Aristophanis
592 4882 664 4941 sive
687 4881 773 4941 elius
796 4882 913 4942 comici
932 4883 964 4941 in
985 4883 1134 4955 margine
1153 4881 1318 4955 adscripta
1336 4879 1439 4939 tuisse

221 4991 249 5049 et
275 4994 322 5054 sic
352 4994 525 5054 devenisse
555 4994 590 5053 in
620 4996 768 5071 textum,
800 5009 864 5069 quo
894 4994 996 5055 simul
1023 4994 1146 5055 tactum
1170 5008 1257 5070 esse,
1282 4994 1319 5053 ut
1342 4990 1439 5051 hodie

221 5108 388 5167 contextus
411 5106 480 5167 hiet
504 5108 590 5168 inter
612 5108 769 5184 νάλλιοτογ
788 5103 843 5184 μὲν
862 5097 919 5168 οὖν
937 5102 1002 5186 (tao
1021 5121 1098 5168 vere
1119 5121 1172 5165 me
1195 5106 1243 5165 ita
1266 5103 1438 5178 corrigere)
