3867 6450
1102 1000 1164 1059 120

519 1185 575 1246 Va.
600 1185 676 1246 862.
743 1185 843 1245 Recte
873 1201 891 1244 e
920 1185 1031 1246 codice
1053 1186 1079 1245 B
1102 1201 1190 1247 nunc
1212 1191 1380 1263 receptam
1402 1191 1498 1251 video
1521 1194 1752 1254 necessariam

518 1299 694 1360 lectionem
712 1297 862 1373 κωλύωσι,
881 1313 983 1371 quam
997 1314 1056 1373 pro
1074 1299 1230 1360 κωλύσωσι
1242 1301 1281 1362 de
1293 1303 1485 1364 coniectura
1491 1349 1498 1381 ,
1520 1307 1559 1365 ut
1569 1307 1751 1382 putabam,

520 1412 737 1474 restituebam
761 1412 880 1474 Mnem.
906 1411 937 1470 X
959 1427 991 1486 p.
1015 1412 1069 1473 83.
1094 1411 1140 1473 cf.
1165 1429 1248 1487 quae
1272 1415 1389 1490 scripsi
1411 1417 1452 1477 ad
1475 1418 1537 1479 Av.
1565 1419 1638 1480 194.

395 1675 403 1686 ι
522 1641 578 1701 VS.
603 1641 678 1700 906.
786 1636 905 1700 ίκπίσοι
924 1655 993 1698 σου
1016 1637 1056 1698 τὸ
1079 1647 1203 1718 τρῆμα
1226 1641 1259 1702 τό
1275 1637 1296 1700 τ’
1317 1639 1503 1723 ἐπίκλιντρον
1526 1643 1752 1724 ἀποβάλοις

787 1748 957 1831 βουλομένη
980 1755 1135 1827 φιλεῖσθαι
1157 1752 1214 1814 κτέ.

565 1866 717 1940 intellegi
747 1867 990 1940 quodammodo
1029 1869 1142 1940 posset
1176 1869 1426 1942 prolabatur
1460 1872 1540 1931 tibi
1576 1875 1750 1949 uterus,

521 1986 576 2059 qui
594 1986 693 2044 notus
712 1983 764 2042 eet
781 1981 960 2042 mulierum
975 1982 1112 2042 morbus
1123 1985 1280 2061 λαλιρῆμο
1295 1984 1340 2044 eit
1363 1986 1476 2044 uteri
1499 1987 1751 2062 orificium);

521 2098 579 2159 sed
598 2111 703 2169 neque
725 2096 759 2154 in
782 2094 926 2169 puellam
950 2095 1017 2156 tale
1040 2096 1118 2168 quid
1139 2097 1291 2172 quadrat,
1317 2113 1422 2171 neque
1445 2099 1477 2160 id
1500 2100 1600 2160 verba
1623 2100 1754 2163 Graeca

522 2209 708 2285 significare
738 2222 836 2282 posse
866 2208 949 2267 eatis
980 2210 1119 2268 constat.
1150 2209 1263 2271 Herm.
1295 2211 1316 2270 l.
1343 2211 1364 2270 l.
1394 2226 1537 2285 sequens
1560 2210 1752 2291 ἐπίκλιντρον

522 2339 576 2384 me
606 2322 777 2397 movebat,
810 2325 846 2380 ut
873 2323 1025 2396 putarem
1056 2322 1160 2382 lecti
1190 2323 1373 2385 fulcrum
1404 2324 1629 2400 significatum
1656 2342 1750 2404 esse,

523 2438 659 2510 ideoque
683 2436 845 2496 ariolabar
866 2432 1056 2494 καταπέσοι
1078 2434 1329 2514 θίιπίρεισρια
1353 2439 1670 2507 (ΤΟΤΠΕΡΕΙΟΜΑ
1690 2456 1752 2515 pro

527 2551 832 2625 GOYTOTPHMA),
865 2549 911 2610 Of.
946 2550 1105 2610 Thesaur.
1141 2550 1218 2610 VIII
1253 2567 1282 2625 p.
1314 2552 1376 2612 193
1409 2567 1435 2614 s
1466 2568 1497 2614 v,
1527 2554 1589 2613 Sed
1620 2557 1751 2614 certam

524 2663 788 2727 emendationem
819 2662 967 2723 desidero
991 2657 1022 2732 ¹).
1053 2663 1231 2724 Laboranti
1254 2651 1362 2724 metro
1381 2666 1414 2724 in
1439 2681 1537 2727 versu
1559 2668 1672 2742 tertio,
1700 2669 1753 2728 cui

523 2780 653 2841 soloeoa
687 2775 797 2838 Bothii
832 2777 1021 2837 coniectura
1055 2773 1220 2854 ἀποβάλοιο
1254 2792 1319 2837 non
1355 2778 1514 2854 medetur,
1549 2779 1645 2840 facile
1675 2781 1752 2840 sub·

526 2893 642 2953 venias
661 2891 842 2966 supplendo
865 2886 1087 2965 ἀποβάλοις
1124 2889 1248 2950 <σιί>.

526 3119 581 3179 Vs,
607 3121 683 3180 964.
880 3115 1001 3193 φίλον
1025 3113 1057 3175 ἐν
1080 3126 1120 3199 τῷ
1144 3126 1185 3200 σῷ
1209 3117 1358 3195 βούλομαι

881 3229 982 3315 κόλπῳ
1005 3230 1218 3308 πληκτίζεσθαι

881 3341 955 3421 μετὰ
977 3351 1029 3421 τῆς
1054 3352 1108 3421 σῆς
1131 3352 1238 3424 πυγῆς·
1261 3342 1318 3405 κτλ.

569 3460 725 3520 Fortasse
744 3460 852 3521 deleto
869 3460 959 3536 φίλων
976 3461 1023 3530 (ut
1042 3461 1120 3519 nato
1135 3476 1152 3519 e
1165 3459 1369 3533 glossemate
1385 3458 1503 3537 φίληλ),
1523 3460 1752 3521 scribendum:

793 3570 825 3630 ἐν
849 3582 888 3655 τῷ
916 3569 977 3634 <di
999 3573 1053 3633 vel
1076 3586 1134 3651 ys>
1163 3582 1204 3654 σῷ
1228 3572 1377 3651 βούλομαι
1399 3570 1456 3632 act.
1602 3544 1606 3553 Ι

528 3691 599 3764 aut,
623 3688 653 3747 si
676 3687 804 3747 mavis:
828 3684 861 3747 ἐν
884 3685 1016 3769 τφ<δε>
1043 3682 1100 3745 κτί.
1840 3764 1841 3772 ρ

572 3804 646 3863 Vox
664 3802 746 3882 πωνή
765 3817 820 3863 me
834 3803 993 3863 admonet
1011 3802 1075 3862 loci
1095 3803 1205 3875 spurci
1223 3804 1256 3861 et
1274 3801 1415 3863 difficilis
1429 3802 1575 3862 Petronii
1587 3802 1655 3861 Sat.
1671 3802 1752 3861 140:

530 3932 608 3977 non
640 3916 817 3976 distulit
844 3916 1029 3990 puellam
1060 3915 1246 3975 incitare
1270 3915 1317 3974 ad
1342 3930 1512 3977 Proromoa
1538 3929 1674 3989 sacre,
1696 3913 1754 3974 ubi
1839 3930 1840 3963 ι

528 4030 660 4105 ambigo
683 4033 796 4090 utrum
819 4029 999 4089 Buecheler
1022 4029 1071 4088 ed.
1090 4028 1135 4086 IV
1158 4031 1200 4101 (p.
1227 4030 1300 4103 105,
1329 4030 1349 4089 6
1373 4034 1434 4103 sq.)
1457 4030 1545 4089 reete
1565 4028 1753 4103 suspicatus
1838 4100 1839 4118 ρ

526 4145 571 4203 alt
597 4158 734 4218 gravem
763 4142 985 4218 corruptelam
1013 4142 1177 4201 coniciens
1201 4157 1345 4201 rurrsroa
1368 4142 1421 4201 vel
1445 4142 1540 4214 (quod
1563 4141 1659 4215 longe
1682 4155 1752 4215 pro·
1838 4120 1839 4155 ί

525 4257 667 4317 babillus
696 4257 837 4326 videtur)
865 4257 1111 4329 ΑΡΗιιοοιειΑο,
1143 4270 1185 4314 an
1213 4270 1278 4315 vox
1302 4255 1421 4315 leniter
1443 4254 1626 4329 depravata
1648 4253 1692 4313 sit
1710 4268 1753 4313 ex
1837 4264 1838 4349 ρ

527 4385 718 4445 meremor,
754 4370 940 4444 composita
973 4368 1101 4428 scillcet
1135 4383 1177 4427 ex
1214 4381 1320 4441 pyge
1344 4369 1378 4427 et
1407 4367 1751 4441 Isiaca=arcana,

526 4484 612 4558 quod
646 4482 890 4543 dubitabundus
924 4482 1103 4542 admodum
1137 4482 1296 4554 suspicor,
1339 4480 1415 4553 quia
1447 4481 1615 4541 sententia
1644 4479 1754 4553 magis

527 4599 618 4658 favet
637 4597 802 4657 audaciori
823 4596 914 4656 illiue
936 4596 1154 4656 coniecturae.
1367 4635 1369 4640 -

564 4875 583 4942 ¹)
602 4873 732 4942 Cogitavi
755 4872 840 4927 etiarn
865 4873 899 4927 de
917 4871 1054 4925 mutando
1079 4882 1177 4939 τρῆμα
1202 4870 1232 4925 in
1259 4882 1374 4938 χρῆμα,
1400 4888 1456 4938 quo
1474 4867 1681 4937 significaretur
1697 4867 1754 4921 lun·

531 4965 635 5033 guidus
656 4963 791 5018 amatoris
809 4963 892 5032 penis
913 4962 991 5031 operi
1004 4961 1102 5030 impar,
1118 4961 1168 5015 sed
1186 4979 1219 5015 eo
1237 4978 1324 5015 sensu
1342 4962 1508 5029 expectatur
1522 4958 1619 5028 potius
1636 4964 1663 5009 ιλ
1681 4964 1751 5016 derra.
1833 4954 1834 4973 l

530 5056 610 5111 euius
627 5056 722 5109 minue
739 5054 812 5109 lenis
829 5056 874 5108 est
891 5051 1068 5108 substitutio.
1085 5057 1184 5118 Αορλκω
1201 5057 1227 5103 di
1244 5059 1283 5104 κολ
1301 5055 1385 5110 ἄλλος]
1465 5120 1467 5125 ,
