3867 6450
1056 1066 1098 1123 54

508 1248 561 1308 Sic
579 1247 680 1307 attlee
695 1247 776 1309 haec
793 1246 893 1309 rerba
910 1248 1076 1309 tradidere
1096 1246 1240 1321 codices,
1258 1246 1401 1308 editores
1419 1250 1554 1309 vertunt
1568 1247 1699 1324 dorice,

464 1375 529 1421 non
559 1361 752 1434 reputantes
781 1358 882 1421 rerba
910 1368 988 1421 νοον
1018 1355 1057 1419 ἃν
1089 1352 1162 1437 algeo
1184 1358 1322 1435 πλείονα,
1344 1374 1428 1433 qnae
1456 1375 1521 1421 non
1544 1364 1697 1438 mutant,

463 1472 564 1533 attica
589 1486 676 1547 osso,
697 1486 762 1533 non
784 1472 904 1535 dorica.
937 1472 1045 1549 Quare
1067 1474 1125 1533 ant
1147 1471 1230 1531 nihil
1253 1472 1452 1532 mutandum
1475 1474 1611 1533 estant
1633 1490 1698 1550 pro

463 1584 530 1645 illis
570 1584 777 1646 scribendum
819 1592 895 1645 νον
936 1608 982 1663 yn
1015 1580 1039 1643 ν’
1076 1576 1164 1663 ἦχος
1199 1583 1359 1661 κλήονα.
1394 1584 1442 1647 cl.
1476 1585 1591 1648 Herm.
1627 1587 1650 1647 l.
1672 1587 1697 1648 1.

465 1713 496 1773 p.
528 1698 603 1758 313.
636 1730 676 1741 -
708 1696 807 1759 Recte
837 1696 966 1757 starkie
997 1699 1073 1773 post
1102 1712 1157 1759 me
1192 1696 1279 1767 (1.1.)
1309 1698 1498 1759 Leeuwenli
1528 1698 1701 1774 improbat

465 1810 687 1871 coniecturam
718 1807 826 1892 λῴονο.
853 1809 947 1870 Nunc
971 1810 1054 1870 addo
1081 1824 1122 1871 ex
1142 1810 1214 1885 ipso
1233 1809 1453 1886 Aristophane
1472 1810 1700 1873 demonstrari

464 1936 560 1998 posse
589 1936 707 1983 sanam
737 1937 811 1983 esse
842 1922 1027 1997 vulgatam
1059 1923 1122 1983 hoc
1152 1922 1240 1984 enim
1270 1923 1380 1998 arguit
1410 1922 1494 1983 Eccl.
1527 1924 1592 1985 742
1618 1934 1700 1984 νοῦν

466 2030 567 2114 ὀλίγον
590 2031 777 2113 κεκτημένος.

466 2210 522 2273 Vs.
550 2212 646 2274 1453.
714 2211 786 2274 vid.
811 2212 931 2274 Mnem.
955 2212 978 2273 l.
991 2213 1011 2272 l.

466 2389 523 2450 Ve.
550 2389 645 2451 1480.
732 2386 782 2448 κοιλ
804 2387 874 2461 τοὺς
897 2388 1070 2473 τραγῳδούς
1093 2406 1188 2468 φησιν
1210 2387 1381 2463 ἀποδείξειν
1405 2392 1535 2470 κρόνους

732 2502 802 2574 τοὺς
824 2510 882 2562 νῦν
905 2501 1225 2582 διορχησάμενος
1248 2500 1350 2583 ὀλίγον
1373 2501 1506 2583 ὕστερον.

512 2616 644 2691 Optime
668 2615 749 2676 haec
771 2616 974 2677 conveniunt
996 2632 1073 2677 cum
1097 2632 1166 2678 ves.
1193 2617 1279 2677 1498
1302 2632 1352 2692 sq.

733 2727 763 2787 εἴ
781 2750 824 2800 τις
848 2728 1000 2813 τραγῳδός
1023 2746 1118 2805 φησιν
1141 2724 1297 2807 ὀρχεῖσθαι
1319 2734 1432 2805 καλῶς,

734 2838 799 2918 ίμολ
823 2840 1056 2920 διορχησόμενος
1079 2836 1190 2901 ἐνθάδ’
1217 2841 1324 2904 εἰσίτω.

514 2955 618 3031 Quare
635 2970 769 3029 prorsus
786 2970 840 3015 me
856 2955 939 3015 latet
955 2952 1038 3031 (ipss
1055 2955 1144 3015 enim
1162 2971 1226 3016 non
1244 2956 1347 3031 dicit),
1366 2956 1442 3030 quid
1461 2958 1700 3018 Leeuwenium

470 3068 627 3142 moverit,
660 3068 696 3128 ut
735 3070 792 3127 aut
830 3066 1061 3145 διορχησόμενος
1099 3072 1289 3142 corruptum
1326 3070 1459 3143 putaret
1493 3071 1551 3129 aut
1585 3071 1699 3130 totum

470 3193 519 3240 vs.
545 3180 630 3241 1481
656 3194 730 3241 esse
752 3181 913 3256 spurium.

471 3354 526 3416 Vs.
553 3355 649 3416 1536.
736 3363 823 3414 τοῦτο
846 3353 902 3436 γὰρ
930 3356 1031 3428 οὐδείς
1054 3377 1102 3417 πω
1124 3356 1248 3434 πάρος
1271 3354 1414 3435 δέδρακεν

737 3463 985 3546 ὀρχούμενον
1009 3468 1088 3540 ὅστις
1112 3466 1280 3546 ἀπήλλαξεν
1304 3467 1395 3548 χορδν
1417 3468 1588 3552 τρνγιμδῶν.

514 3578 665 3640 Notabile
688 3583 741 3640 est
762 3581 916 3642 voculam
941 3582 1066 3657 epicam
1091 3585 1125 3642 et
1148 3583 1312 3657 tragicam
1335 3581 1444 3658 κάρος,
1466 3597 1486 3642 a
1509 3597 1573 3655 quo
1592 3583 1699 3642 oratio

470 3693 633 3767 pedestris
658 3708 793 3767 prorsus
817 3694 979 3756 abstinuit
1006 3697 1041 3755 ei
1063 3696 1116 3755 hic
1146 3698 1181 3755 et
1209 3696 1265 3769 llq.
1296 3696 1397 3771 1337,
1423 3693 1479 3754 ubi
1501 3707 1567 3753 non
1590 3691 1700 3765 magis

471 3806 522 3866 ost
543 3806 694 3881 parodias
718 3810 775 3867 aut
798 3809 1070 3882 paratragoediae
1093 3809 1252 3884 suspicio,
1277 3808 1317 3869 ab
1341 3806 1565 3882 Aristophane
1587 3803 1701 3874 (ceteri

472 3919 587 3978 comici
621 3933 686 3979 non
725 3919 892 3990 adhibent)
926 3923 1118 3997 asurpatam
1153 3936 1237 3981 esse.
1272 3921 1361 3981 Bene
1395 3921 1435 3980 de
1466 3918 1570 3979 altero
1599 3930 1699 3977 versu

472 4031 611 4090 meritus
648 4033 700 4091 est
723 4031 878 4093 Willems
911 4034 932 4095 l.
948 4033 970 4094 l.
997 4049 1028 4108 p.
1052 4034 1094 4093 31
1127 4048 1189 4107 so,
1222 4033 1277 4093 ubi
1307 4033 1429 4107 liquido
1458 4028 1701 4091 demonstravit

472 4143 566 4204 unice
585 4159 697 4204 veram
718 4159 791 4204 osse
810 4145 1014 4206 Ravennatis
1031 4145 1107 4206 libri
1122 4146 1298 4206 lectionem
1319 4147 1465 4220 spretam
1485 4142 1525 4203 ab
1546 4141 1700 4202 omnibus

473 4257 585 4327 (etiam
616 4272 636 4317 a
664 4257 806 4328 Starlrio)
829 4254 1090 4336 ὀρχούμενοςε
1121 4259 1263 4319 solere
1294 4259 1384 4318 enim
1413 4260 1549 4318 chorum
1579 4269 1699 4315 exeun·

472 4377 542 4432 tem
577 4386 618 4430 ex
649 4372 818 4432 orchestra
845 4373 1022 4447 saltare,
1055 4373 1109 4432 hic
1135 4387 1213 4433 vero
1237 4374 1284 4442 (ut
1308 4374 1423 4446 postea
1444 4371 1478 4430 in
1502 4370 1700 4443 Lysistrata)

474 4484 609 4544 chorum
655 4483 751 4544 senili
794 4484 1023 4546 imbecillitate
1064 4487 1098 4545 et
1139 4485 1258 4559 (magis
1297 4485 1409 4553 etiam)
1452 4483 1549 4556 longo
1587 4480 1701 4540 aculeo

473 4596 636 4672 pendente
677 4611 719 4656 ex
758 4613 819 4657 ano
854 4598 1006 4673 impediri
1044 4598 1220 4671 quominus
1260 4598 1373 4670 saltet,
1408 4596 1520 4669 itaque
1558 4593 1704 4654 inversis

473 4709 621 4785 partibus
651 4724 800 4770 canere
830 4712 1076 4786 tantummodo,
1109 4711 1188 4771 dum
1214 4711 1444 4785 protagonieta
1467 4723 1544 4768 cum
1565 4707 1704 4780 reliquis

472 4824 578 4884 tribus
618 4823 835 4884 histrionibus
868 4825 1016 4885 saltet.
1059 4824 1121 4884 Sed
1156 4825 1319 4897 legantur.
1344 4823 1426 4882 haec
1461 4821 1546 4896 apud
1578 4819 1702 4893 ipsum.

473 4937 560 4996 Nihil
588 4951 642 4995 me
665 4935 771 4996 iudice
795 4936 918 4996 certius
941 4951 1016 4996 esse
1040 4937 1163 5010 potest,
1188 4936 1221 4994 et
1243 4934 1425 5009 permirum
1450 4936 1502 4993 est
1524 4944 1596 4990 rem
1619 4929 1706 4989 adeo

474 5049 597 5109 claram
621 5049 789 5122 hucusque
812 5048 969 5109 fefellisse
994 5047 1141 5128 criticos,
1166 5048 1251 5121 quod
1274 5046 1396 5118 sciam,
1421 5059 1547 5106 omnes.
