3867 6450
808 1043 851 1101 43

219 1230 272 1291 Vs.
302 1233 398 1291 1352.
468 1232 539 1291 Vid.
564 1232 683 1291 Mnem.
708 1229 764 1289 l.l.
789 1244 818 1303 p.
844 1230 897 1289 51.

219 1483 273 1544 VS.
303 1485 400 1545 1390.
533 1482 628 1543 αὐτοῦ
648 1478 775 1559 ’ποίησα
799 1490 922 1541 κακκᾶν.

263 1596 447 1673 Hodieque,
469 1598 507 1656 ut
526 1596 605 1657 olim
618 1597 717 1664 stud.
739 1596 855 1671 Thus,
876 1593 1102 1655 necessarium
1123 1592 1264 1652 arbitror
1287 1589 1450 1666 τάττητ,

220 1710 304 1782 quod
329 1709 439 1770 labem
463 1710 609 1785 suscepit
633 1725 649 1769 e
675 1724 723 1769 vs
747 1710 842 1769 1384.
864 1706 1118 1769 substantivum
1138 1704 1259 1779 legitur
1277 1703 1352 1764 Pac.
1376 1704 1449 1763 162.
1533 1686 1536 1692 ’

221 1820 266 1881 cf.
292 1822 396 1882 etiam
420 1822 534 1883 Herm.
558 1822 667 1881 XXIV
690 1823 821 1917 1³:⁶⁰9·

222 2100 276 2159 Vs.
305 2102 401 2161 1407.
490 2100 609 2162 Mnem.
638 2099 718 2160 XIX
744 2116 773 2175 p.
804 2101 868 2161 394
893 2098 1017 2161 conieci
1041 2096 1141 2157 ἵππων
1165 2093 1283 2174 τρέφειν
1310 2092 1450 2174 (ἀγέλην

223 2207 325 2289 τιν’>,
361 2213 467 2274 deleto
498 2210 675 2290 τέθριππον,
705 2214 778 2274 ooli.
812 2229 879 2273 var.
912 2213 987 2273 leot.
1022 2212 1056 2271 in
1090 2210 1256 2285 Blaydesii
1291 2209 1450 2283 editione,

223 2328 307 2387 unde
332 2324 500 2405 τέθριππον
522 2327 687 2388 incertum
710 2342 783 2387 osse
808 2329 953 2402 apparet.

224 2577 277 2638 Vs.
307 2578 404 2638 1427.
421 2558 424 2563 ¹
485 2575 595 2653 σκέψαι
608 2574 640 2637 δὲ
651 2576 722 2649 τοὺς
745 2573 884 2655 &truvo
896 2576 912 2637 ύ
922 2599 938 2638 ο
949 2601 964 2636 v
974 2600 1016 2649 ας
1039 2574 1091 2636 καὶ
1106 2574 1204 2635 πάντα
1216 2572 1252 2635 τὰ
1264 2571 1338 2653 βοτὰ
1349 2558 1451 2633 τοῦτο·

267 2690 425 2751 Admisso
455 2690 621 2751 Beckiena
652 2692 855 2753 correctione
885 2691 1027 2753 metrica
1056 2686 1228 2767 ἀλέκτορος,
1258 2688 1360 2748 etiam
1391 2686 1453 2747 hoc

224 2804 402 2879 lucramur,
424 2804 508 2877 quod
527 2804 575 2864 ita
594 2803 803 2881 Phidippides
824 2804 925 2865 etiam
945 2805 1008 2865 hac
1027 2804 1060 2863 in
1079 2818 1114 2863 re
1134 2802 1290 2863 observat
1306 2792 1451 2862 Socratis

224 2917 411 2977 doctrinam
435 2917 487 2987 (cf.
508 2932 575 2978 vss.
601 2920 666 2978 666
691 2919 723 2978 et
745 2919 836 2993 861),
863 2920 978 2978 contra
1001 2932 1078 2977 voro
1106 2915 1328 2990 strepentes,
1353 2928 1451 2986 quem

226 3030 295 3090 eius
336 3030 405 3090 iam
442 3031 646 3106 poenitebat,
679 3046 727 3092 vs,
761 3032 846 3091 1430
878 3033 1016 3106 usurpat
1050 3029 1271 3103 vulgatiorem
1309 3028 1451 3087 formam

227 3139 403 3220 ὰλεκτρύων.

228 3398 281 3458 VS.
310 3393 406 3459 1481.
494 3401 544 3457 καί
567 3421 618 3474 μοι
641 3407 730 3478 γενοῦ
754 3399 936 3477 ξύμβουλος,
959 3392 1023 3456 εἴτ’
1051 3394 1164 3467 αὐτοὺς
1186 3392 1308 3474 γραφὴν

495 3511 682 3572 διωκάθω
706 3511 914 3592 γραψάμενος,
938 3505 1012 3570 εἴθ’
1040 3508 1056 3569 ὅ
1079 3532 1107 3569 τι
1130 3525 1178 3568 σοι
1200 3508 1289 3567 δοκεῖ.

270 3626 354 3701 Quia
384 3622 531 3685 δέωκάθω
561 3642 619 3701 pro
646 3625 745 3685 διώκω
772 3641 840 3687 non
863 3625 972 3700 magis
998 3638 1152 3698 graecum
1177 3624 1229 3682 est
1252 3636 1352 3695 quam
1376 3621 1453 3678 sunt

228 3738 355 3813 εἰκάθω,
389 3739 534 3819 εἰργάθω,
567 3738 731 3818 dcundum,
763 3737 876 3819 σχέθω,
907 3739 964 3800 sed
996 3739 1112 3800 aoristi
1147 3736 1380 3798 coniunctivus
1402 3727 1459 3792 est'

229 3856 265 3914 ut
287 3855 360 3930 illa,
386 3854 521 3937 dubium
547 3871 611 3916 non
635 3856 712 3930 puto
737 3855 813 3928 quin
838 3853 1067 3929 corrigendum
1090 3852 1151 3933 sit:

713 3974 715 3980 '
822 3964 869 4046 ἤν
900 3962 925 4026 τ’
955 3965 1065 4038 αὐτοὺς
1089 3963 1212 4046 γραφὴν

496 4082 640 4142 διωκάθω
664 4082 858 4162 γραψάμενος
881 4078 926 4160 ἤν
956 4077 993 4140 θ’
1021 4080 1064 4141 ὅτι
1088 4097 1135 4140 σοι
1159 4080 1253 4139 dorici.

273 4197 395 4257 Eodem
420 4211 529 4256 errore
553 4197 637 4272 apud
662 4199 814 4257 nostrum
838 4197 894 4269 loq.
920 4196 984 4256 698
1013 4198 1046 4255 et
1070 4195 1135 4254 700
1155 4193 1234 4255 olim
1259 4191 1456 4266 vulgabatur

231 4305 256 4366 ri
278 4325 304 4369 c.
331 4309 414 4368 coni.
437 4323 495 4382 pro
518 4305 564 4385 ἥν.
809 4285 810 4290 ¹
