3867 6450
875 1408 1002 1533 'nn
1050 1454 1327 1537 VESPAS.

548 1868 598 1927 Ad
635 1867 803 1943 Blaydesii
840 1870 873 1929 et
907 1869 1094 1931 Leeuwenii
1128 1871 1228 1933 huius
1261 1871 1393 1933 fabulae
1428 1872 1589 1935 editiones
1627 1874 1728 1935 multa
1817 1845 1818 1920 ἶ

503 1983 659 2043 adnotavi
688 1998 717 2043 a.
752 1983 836 2044 1395
866 1986 900 2043 in
931 1984 1165 2059 Mnemosynes
1193 1985 1257 2046 vol.
1282 1985 1362 2045 XXI
1384 2002 1415 2063 p.
1440 1988 1630 2049 441--454,
1655 1989 1728 2048 Post

372 2078 376 2089 ’
503 2100 678 2170 utramque
708 2111 738 2157 a.
773 2096 855 2157 1891
889 2112 963 2158 eam
995 2097 1120 2160 eximia
1146 2097 1290 2159 editione
1321 2098 1458 2160 donavit
1479 2100 1530 2160 vir
1552 2101 1728 2177 singularis

502 2209 655 2270 dictionis
696 2210 841 2271 comicae
884 2210 1021 2286 peritiae
1056 2226 1118 2272 nec
1151 2212 1357 2288 spernendus
1399 2213 1569 2274 divinandi
1611 2215 1728 2276 artifex
1817 2211 1818 2214 ’

501 2326 552 2387 W.
576 2326 605 2386 J.
630 2325 790 2401 Salaria,
824 2325 974 2387 Londinii
1002 2328 1089 2403 apud
1113 2327 1387 2407 Macmillanium,
1413 2330 1507 2389 cuius
1530 2330 1728 2391 recensionis
1817 2385 1818 2390 ,

503 2453 590 2499 nunc
613 2438 778 2514 imprimis
801 2438 954 2500 habenda
977 2442 1028 2501 est
1050 2441 1146 2502 ratio.
1817 2423 1818 2448 *

547 2550 619 2613 Non
649 2566 752 2613 unum
779 2555 828 2623 (ut
850 2553 1047 2615 Leeuwenio
1071 2554 1182 2616 visum
1206 2559 1268 2627 est)
1292 2557 1349 2618 sed
1373 2557 1486 2633 plures
1509 2558 1609 2620 choro
1632 2558 1724 2619 inter·

502 2666 605 2727 fuisse
635 2680 754 2742 pueros
781 2667 901 2729 docent
930 2682 997 2729 ves.
1030 2669 1107 2743 908,
1137 2670 1212 2745 316,
1245 2671 1327 2745 408;
1359 2671 1464 2733 fuisse
1498 2672 1581 2734 duos
1615 2670 1726 2747 probat

502 2797 551 2841 vs.
573 2781 636 2841 301
659 2783 693 2841 et
712 2781 787 2857 313,
809 2780 878 2842 acii.
900 2795 1004 2842 uuum
1017 2783 1148 2856 utrique
1168 2784 1387 2861 hemichorio,
1405 2788 1443 2845 ut
1462 2784 1545 2846 bene
1564 2783 1726 2846 intellexit

503 2893 640 2956 Olarkie.

504 3086 560 3146 Vs.
589 3087 639 3146 10.
707 3082 779 3147 Vid.
803 3082 924 3145 Mnem.
947 3085 1004 3146 l.l.
1028 3101 1058 3159 p.
1083 3087 1159 3147 441.

503 3276 557 3338 Vs.
583 3278 635 3338 41.
767 3269 841 3352 ἡμῖν
863 3291 921 3352 pro
944 3270 1031 3353 ἡμῶν
1055 3279 1183 3339 correxi
1203 3279 1317 3340 Herm.
1342 3278 1450 3339 XXIV
1473 3295 1504 3356 p.
1529 3281 1604 3341 309.

501 3467 557 3529 Vs,
583 3471 634 3529 64.
769 3461 874 3543 ἡμῶν
897 3463 951 3544 μὲν
975 3466 1075 3527 αὐτῶν
1100 3465 1166 3547 οὐχὶ
1189 3469 1370 3548 δεξιώτερον.

544 3582 742 3643 Rectissime
772 3581 821 3642 sic
852 3583 1035 3643 vLeeuwen
1067 3598 1108 3643 ex
1131 3584 1313 3644 Hamalreri
1336 3586 1524 3646 coniectura
1546 3585 1646 3646 edidit
1667 3596 1722 3658 pro

500 3695 596 3774 ὑμῶν,
625 3696 709 3770 quod
740 3711 910 3772 perperam
942 3699 1055 3758 tuetur
1086 3698 1216 3758 starkie
1247 3714 1313 3760 non
1341 3699 1491 3761 sentiens
1514 3700 1562 3760 ita
1582 3697 1722 3774 pessime

500 3810 665 3871 abundare
681 3809 788 3870 adrev.
806 3810 958 3872 Pluribus
975 3812 1060 3873 hanc
1076 3813 1357 3890 emendationem,
1377 3830 1476 3888 quam
1492 3815 1720 3890 tuncprimum

501 3938 554 3984 me
577 3924 720 3998 prolerre
743 3924 916 4000 putabam,
940 3897 1115 3985 illustravi
1131 3927 1242 3987 Stud.
1268 3926 1365 3988 Orit.
1390 3944 1420 4002 p.
1446 3929 1498 3988 53.
1537 3937 1540 3941 ’

502 4113 556 4174 Vs.
581 4115 634 4174 68.
703 4113 767 4176 Our
786 4110 875 4190 μέλας
887 4130 945 4189 pro
958 4110 1049 4195 μέγας
1066 4116 1237 4192 coniciam,
1251 4118 1389 4194 exposui
1402 4117 1521 4178 dinem.
1536 4117 1567 4176 X
1578 4132 1607 4191 p.
1621 4117 1661 4176 85
1674 4128 1718 4184 sq.

500 4315 555 4376 Vs.
582 4316 635 4376 78.
704 4313 910 4395 Σωσικλέης
929 4333 987 4394 pro
1007 4318 1127 4390 Σωσίας
1140 4321 1296 4394 proposui
1309 4320 1422 4380 Herm.
1435 4319 1544 4380 XXIV
1555 4337 1585 4395 p.
1599 4319 1662 4380 309
1673 4330 1718 4387 sq.

500 4519 555 4579 Vs.
581 4519 633 4579 95.
702 4518 891 4581 Lectionem
922 4520 1030 4596 ψῆφόν
1060 4515 1085 4600 γ’
1117 4519 1193 4600 ἔχειν
1222 4523 1335 4584 tuetur
1365 4522 1505 4583 starkie.
1538 4523 1608 4610 Hoc
1630 4519 1718 4580 video

499 4631 638 4691 verbum
668 4632 810 4707 simplex
842 4635 979 4704 (tenere)
1012 4635 1120 4710 aptius
1149 4650 1222 4696 esse
1253 4651 1352 4709 quam
1383 4634 1515 4714 κατέχειν
1538 4634 1717 4707 (cohibere),

500 4761 599 4819 quam
618 4745 797 4820 Hiraohigii
821 4748 1044 4808 coniecturam
1066 4749 1189 4824 recepit
1209 4749 1408 4825 vLeeuwen,
1433 4753 1491 4810 aui
1509 4747 1621 4829 φέρειν,
1638 4742 1717 4821 quod

500 4857 604 4918 voluit
634 4858 819 4934 Hermann,
846 4875 906 4920 nec
931 4860 1027 4921 valde
1051 4862 1174 4922 arridet
1196 4861 1336 4923 Dobraei
1359 4864 1504 4937 suspicio
1526 4871 1585 4922 τῶν
1603 4860 1720 4937 ψήφων.

499 4971 637 5031 Prorsus
666 4975 778 5032 auteur
808 4973 891 5034 facio
923 4990 999 5034 cum
1028 4975 1143 5035 eodem
1171 4977 1366 5036 Leeuwenio
1389 4977 1541 5052 plurimis
1564 4971 1718 5047 exemplis

454 5067 456 5073 ’
498 5085 606 5144 tuenti
618 5083 788 5165 εἰσέρχεται,
806 5087 968 5149 domum
989 5089 1123 5165 venit,
1144 5105 1192 5149 va.
1208 5090 1269 5150 107
1284 5090 1504 5152 aeriticorum
1516 5085 1715 5152 coniecturis.
