3867 6450
1063 1013 1107 1074 88

474 1198 530 1260 Vs.
555 1201 608 1260 81.
676 1199 813 1274 Propter
841 1198 880 1260 σὺ
910 1201 944 1260 in
976 1215 1072 1261 verso
1103 1199 1255 1273 sequenti
1277 1197 1444 1258 malebam
1467 1194 1622 1256 οὐκοῦν
1645 1210 1711 1268 pro

474 1312 512 1371 σὺ
547 1306 575 1371 ‹l’
612 1303 669 1373 οὖν
709 1313 823 1374 Herm.
858 1313 967 1374 XXIV
1001 1330 1032 1389 p.
1067 1315 1143 1375 687.
1182 1347 1222 1357 -
1259 1311 1349 1388 Quod
1384 1311 1424 1372 ad
1458 1326 1530 1371 rem
1565 1311 1707 1384 attinet,

473 1425 640 1486 Xanthias
676 1427 710 1486 in
741 1428 835 1488 asino
871 1430 987 1488 vectos
1019 1427 1248 1504 repraesentat
1278 1425 1442 1500 Silenum,
1475 1424 1562 1484 unde
1596 1422 1635 1482 iit
1665 1425 1709 1482 ut

473 1555 553 1599 mox
572 1539 748 1600 Herculem
767 1540 865 1602 iacile
883 1541 1065 1616 Bacchum,
1087 1541 1242 1615 quamvis
1261 1539 1394 1600 insolito
1414 1553 1506 1598 more
1523 1537 1708 1610 vestitum,

474 1667 654 1726 agnoscere
676 1653 758 1713 nihil
781 1657 834 1714 est
857 1654 941 1727 quod
964 1655 1135 1716 miremur.
1158 1654 1206 1717 cl.
1230 1654 1332 1714 etiam
1356 1652 1442 1712 inira
1465 1665 1514 1710 vs.
1540 1651 1604 1710 556
1628 1663 1705 1722 sqq.

473 1855 530 1914 Vs·
556 1855 629 1915 119.
697 1851 748 1914 uri
772 1854 843 1931 μήτε
866 1854 982 1933 deperire
1006 1850 1070 1933 μήτ’
1096 1853 1174 1934 ἄγαν
1196 1852 1318 1933 ψυχρὰν
1342 1853 1468 1936 φράσῃς.

518 1967 606 2028 More
636 1968 742 2042 poetis
771 1968 929 2030 familiari
959 1970 1153 2031 adverbium
1182 1966 1282 2048 (ἄγαν)
1313 1969 1414 2029 etiam
1440 1967 1480 2027 ad
1503 1964 1708 2026 antecedens

474 2078 592 2158 θερμὴν
615 2082 825 2156 cogitandum
848 2085 910 2144 est.
933 2083 972 2142 In
997 2082 1106 2144 verbis
1129 2083 1348 2158 antegressis:

1140 2193 1214 2256 ἀλλὰ
1237 2197 1330 2274 φράζε
1352 2205 1424 2256 τῶν
1448 2191 1549 2254 ὁδῶν

741 2306 800 2391 ὅπῃ
822 2302 926 2387 τάχιστ’
951 2304 1114 2385 ἀφιξόμεθ’
1140 2309 1181 2382 εἰς
1195 2306 1303 2370 ’Ἅιδου
1325 2309 1413 2368 κάτω.

473 2420 597 2482 nollem
628 2420 861 2483 Leeuwenium
893 2424 1058 2498 recepisse
1084 2423 1259 2484 Fritzschii
1282 2424 1505 2485 coniecturam
1530 2429 1593 2503 ruo
1616 2415 1711 2496 ὁδόν,

474 2535 528 2595 cui
558 2534 681 2609 obstat,
714 2539 752 2596 ut
782 2550 858 2596 vere
888 2537 1019 2597 monuit
1049 2537 1204 2611 Blaydes,
1237 2537 1270 2597 in
1302 2551 1399 2596 versu
1429 2533 1580 2608 sequenti
1603 2531 1706 2592 lectio

473 2642 524 2706 τιν’
551 2647 659 2708 αὐτῶν.
682 2649 938 2725 Explicandum:
961 2659 1021 2710 τῶν
1045 2647 1125 2710 ὁδῶν
1148 2652 1271 2728 ταύτην,
1293 2647 1353 2732 ὅπῃ
1378 2681 1419 2692 —·
1442 2647 1530 2708 κάτω.

474 2851 531 2912 VS.
558 2853 631 2913 135.
701 2852 819 2914 Bacch.
843 2850 901 2913 οὐκ
923 2847 961 2911 ἂν
985 2847 1136 2930 βαδίσαιμ’
1162 2848 1236 2912 ὁδὸν
1257 2851 1379 2928 ταύτην.

1207 2965 1303 3026 Herc.
1334 2964 1370 3023 τί
1399 2963 1477 3035 δαίς

598 3098 602 3103 ·
708 3079 825 3139 Bacch.
851 3077 946 3156 ἥνπερ
971 3077 1008 3138 σὺ
1032 3077 1096 3138 τότε
1119 3083 1276 3156 κατῆλθες.

519 3191 639 3253 Bacchi
669 3207 866 3267 responsum
898 3193 1069 3254 evidenter
1098 3193 1236 3267 requirit
1265 3192 1433 3268 Blaydesii
1463 3191 1703 3253 correctionem

474 3298 541 3362 τίν’
567 3295 652 3378 odiu

475 3507 532 3568 Vs.
559 3509 632 3569 167.
701 3508 826 3570 Xanth.
850 3507 891 3587 μὴ
916 3505 990 3586 δῆθ’
1017 3509 1137 3569 ἱκετεύω
1161 3505 1199 3587 σ’,
1220 3507 1295 3569 dili
1318 3509 1474 3587 μίσθωσαί
1490 3530 1557 3567 τινα
1672 3489 1674 3495 ¹

848 3632 907 3683 τῶν
931 3621 1155 3702 ἐκφερομένων,
1178 3622 1255 3695 ὅστις
1279 3620 1340 3683 ἐπὶ
1362 3616 1459 3683 τοῦτ’
1485 3620 1648 3701 ἔρχεται.

519 3735 672 3796 Alterum
696 3752 844 3813 versum,
870 3753 970 3811 quam
993 3737 1229 3813 plaudentibus
1252 3736 1381 3813 multis,
1405 3737 1439 3796 in
1458 3737 1577 3809 quibus
1595 3736 1703 3796 novis·

476 3849 583 3909 simus
617 3849 736 3925 editor,
771 3852 809 3909 ut
842 3849 957 3911 fiotum
993 3867 1010 3911 e
1046 3866 1095 3911 vs.
1135 3851 1197 3910 170
1231 3850 1405 3910 damnavit
1437 3849 1618 3929 Hamalrer‚
1654 3850 1706 3909 ita

476 3963 589 4021 tuetur
618 3962 793 4038 Richards,
827 3967 863 4023 ut
894 3979 952 4039 pro
983 3962 1094 4042 ἔρχεται
1117 3964 1302 4024 substituat
1325 3959 1497 4041 ἀρκέσει,
1520 3962 1593 4022 coll.
1618 3962 1703 4023 Plat.

476 4074 555 4149 Rep.
581 4076 684 4137 368B
707 4076 846 4151 aliisque
868 4078 950 4138 locis
973 4078 1055 4139 bene
1080 4079 1209 4154 multis,
1234 4093 1298 4152 quo
1321 4078 1420 4138 verbo
1443 4077 1548 4138 semel
1570 4079 1705 4137 tantum

477 4187 565 4264 (Lys.
603 4184 681 4260 916]
717 4205 797 4250 usus
832 4195 884 4252 est
913 4193 1035 4253 noster.
1067 4192 1147 4251 Mihi
1177 4207 1298 4252 sanum
1329 4191 1459 4251 videtur
1490 4188 1613 4268 ἔρχεται,
1645 4190 1705 4250 sed

476 4300 667 4376 scripserim
690 4304 938 4365 multo-lenius:

744 4415 822 4488 ὅστις
853 4418 908 4489 εἰς
938 4414 1039 4477 ταῦτ’
1073 4416 1234 4497 ἔρχεται.

477 4529 497 4589 i.
522 4544 565 4607 e,
600 4531 750 4605 quippe
785 4532 855 4604 qui
889 4533 1033 4593 eodem
1069 4548 1146 4607 quo
1179 4548 1254 4593 nos
1288 4533 1611 4608 proficiscatur.
1713 4556 1716 4559 ·

477 4718 533 4781 VS.
562 4719 634 4780 178.
703 4720 827 4782 Xanth.
851 4718 891 4792 ὥς
914 4718 1061 4798 σεμνὸςὸ
1084 4721 1257 4800 κατάρατος·
1281 4722 1338 4782 οὐκ
1362 4722 1533 4799 οὶμώξετοιιςι

810 4830 880 4913 ἐγὼ
900 4834 919 4910 β
929 4834 975 4893 αδ
984 4842 1130 4912 ιοῦμαι.
1155 4836 1274 4896 Bacch.
1293 4835 1417 4914 χρηστὸς
1436 4830 1463 4895 el
1479 4834 1531 4895 καὶ
1546 4836 1707 4915 γεννάδας.

521 4945 604 5006 cum
633 4950 787 5008 mortuus
816 4962 873 5022 pro
901 4947 1072 5022 portandis
1094 4949 1234 5009 sarcinis
1257 4948 1397 5010 nimiam
1421 4951 1607 5011 mercedem
1631 4966 1704 5025 pos-

477 5059 610 5135 tularet,
632 5060 796 5121 Xanthias
819 5076 906 5121 nunc
929 5060 1044 5120 missis
1068 5062 1221 5135 querellis
1240 5077 1276 5122 se
1301 5063 1343 5123 ad
1363 5078 1436 5123 eam
1456 5044 1706 5139 temperatum
