3867 6450
1105 1048 1148 1109 50

515 1235 570 1297 Vs.
595 1236 670 1296 908.
740 1234 784 1295 Ut
813 1234 927 1295 Herm.
955 1233 977 1294 1.
989 1233 1026 1309 1.,
1057 1234 1217 1309 hodieque
1244 1236 1374 1309 requiro
1404 1230 1499 1317 κᾷτα
1529 1236 1652 1313 ῥοφῶ,
1675 1239 1724 1295 eui

512 1340 571 1429 κᾷτ’
599 1344 716 1421 ἐκροφῶ
740 1362 798 1422 pro
820 1343 902 1425 κάγὼ
924 1344 1025 1425 ῥοφῶ,
1047 1347 1125 1421 quis
1146 1347 1181 1407 in
1202 1346 1339 1422 vulgata
1361 1348 1506 1409 abundat
1529 1348 1587 1408 καί.

514 1549 570 1609 Vs.
597 1550 692 1609 1023.
802 1544 907 1625 ἀρθεὶς
923 1544 956 1609 dl
971 1545 1063 1627 μέγας
1081 1545 1132 1607 καὶ
1150 1544 1287 1625 τιμηθεὶς
1306 1545 1346 1619 ὡς
1364 1547 1464 1621 οὐδεὶς
1483 1544 1592 1610 πώποτ’
1616 1546 1648 1608 ἕν
1664 1547 1725 1624 ὑμῖν

801 1659 872 1720 οὐκ
906 1656 1105 1721 luvellum
1128 1657 1224 1737 φησὶν
1246 1656 1390 1738 ἐπαρθεὶς
1412 1656 1483 1721 odd’
1509 1658 1678 1741 ὀγκῶσαι
1699 1659 1725 1719 τὸ

621 1858 624 1864 ,
1498 1775 1649 1852 φρόνημα·

558 1890 676 1950 linem.
701 1886 756 1949 l.l.
775 1903 805 1963 p.
830 1888 909 1964 451,
933 1886 991 1947 ubi
1012 1887 1205 1963 suspicabar
1227 1882 1376 1965 ὀγκώσας,
1397 1902 1464 1948 non
1487 1889 1540 1964 egi
1563 1889 1603 1949 de
1628 1887 1725 1949 verbis

513 2000 568 2061 σῦκ
599 1998 758 2075 ἐκτελέσαι,
787 2015 870 2075 quae
897 2000 1078 2064 scholiasta
1108 2001 1252 2077 explicat
1281 1999 1338 2061 οὐκ
1361 1998 1410 2061 bd
1431 1999 1513 2074 τέλος
1533 2001 1635 2076 ἔδοξεν
1657 2001 1726 2083 αὐτῷ

511 2116 590 2185 (imo
624 2112 715 2193 αὐτῷ)
752 2112 851 2173 ἐλθεῖν
882 2110 950 2173 οὔτε
979 2120 1031 2191 τῆς
1062 2112 1209 2189 ποιήσεως
1239 2110 1308 2174 οὔτε
1338 2122 1397 2173 τῶν
1428 2112 1569 2175 ἐπαίνων.
1609 2115 1727 2177 Starliie

513 2226 657 2288 ἐιιελὲσαι
686 2228 884 2289 mendosum
914 2242 988 2288 esse
1018 2227 1192 2301 Blsydesio
1215 2228 1396 2289 concedens
1419 2229 1458 2289 de
1482 2244 1542 2290 suo
1566 2229 1728 2291 substituit

512 2338 583 2401 οὐδὲ
616 2349 760 2419 κομῆσαι,
794 2342 930 2403 verbum
965 2340 1097 2416 quidem
1125 2341 1353 2429 aptissimum,
1382 2342 1440 2401 sed
1468 2342 1555 2402 mele
1579 2359 1615 2404 se
1640 2342 1727 2402 hebei

512 2452 584 2516 οὐδὲ
614 2460 668 2527 (ne
694 2488 730 2497 -
756 2456 913 2530 quidem),
946 2469 1091 2531 prcquc
1114 2454 1235 2515 melius
1258 2454 1404 2516 dedisset
1426 2451 1501 2532 οὐχὶ.
1525 2457 1576 2516 Ite
1599 2471 1675 2517 vero
1696 2470 1729 2515 ee

512 2570 701 2630 coniectura
730 2568 866 2629 ienitate
890 2582 955 2628 non
982 2568 1118 2643 superat
1138 2567 1384 2629 Pslmerienem
1409 2566 1446 2627 od
1468 2576 1634 2646 ιραφῆααι,
1654 2582 1728 2642 quse

510 2697 578 2743 non
607 2682 718 2742 minus
741 2682 819 2756 apte
841 2682 903 2742 est.
930 2680 976 2740 At
997 2694 1063 2740 non
1086 2680 1276 2740 satiemini
1299 2682 1431 2741 constet
1452 2681 1529 2742 ferri
1552 2696 1619 2743 non
1641 2696 1728 2759 posse

512 2794 694 2870 vulgatam,
720 2808 820 2870 quem
843 2793 963 2853 melius
985 2792 1069 2853 mihi
1092 2793 1222 2853 videtur
1249 2792 1435 2868 explicasse
1458 2796 1555 2855 vetus
1577 2796 1729 2869 interpres

511 2924 610 2981 quem
642 2909 840 2981 vLeeuwen‚
873 2906 928 2980 qui
958 2907 1054 2981 putat
1085 2902 1229 2963 ἐκτελέσαι
1258 2902 1401 2982 ἐπαρθείς
1423 2904 1611 2983 significare
1637 2904 1730 2975 τελέας

512 3020 697 3099 ἐπαρθῆναι,
724 3020 831 3095 qualis
855 3020 1021 3080 sententia
1043 3021 1190 3095 poetam,
1217 3019 1273 3094 qui
1302 3034 1567 3096 nequaquem
1590 3036 1626 3081 se
1649 3019 1729 3094 ἔπαιε

511 3138 607 3210 θῆναι
637 3134 744 3195 dicere
774 3133 926 3206 debebat,
950 3146 1068 3207 perum
1099 3133 1238 3192 deceret.
1267 3132 1391 3207 Nempe
1421 3127 1566 3193 ἐκτελέσαι
1588 3133 1729 3193 absolute

511 3248 656 3323 positum
692 3246 886 3307 crediderim
921 3260 1057 3320 prorsus
1090 3246 1206 3306 ecdem
1240 3246 1338 3307 modo
1371 3260 1435 3320 quo
1469 3245 1578 3305 Latini
1611 3247 1727 3321 passim

511 3360 823 3436 usurpantverbum
847 3359 1088 3434 absolvere,
1112 3375 1198 3421 rem
1222 3363 1278 3420 eut
1298 3360 1565 3434 propositum
1584 3361 1728 3421 simileve

509 3474 586 3548 quid
616 3477 729 3534 menie
756 3473 958 3548 supplentes.
991 3472 1080 3548 Quod
1107 3474 1136 3532 si
1158 3473 1206 3533 iia
1229 3474 1294 3547 est,
1319 3473 1543 3532 necessariam
1566 3476 1645 3549 pute
1668 3488 1727 3533 cor·

509 3589 690 3648 rectionem
714 3602 823 3648 meam
847 3586 1056 3647 lenissimam
1081 3581 1258 3665 ὀγιώσας
1280 3601 1339 3661 pro
1362 3581 1500 3664 ὀγκῶσαι.

508 3789 564 3851 Vs.
592 3790 687 3852 1035.
755 3788 828 3851 vid.
853 3789 976 3849 Mnem.
999 3788 1054 3849 li.
1079 3804 1109 3865 p.
1134 3789 1211 3849 451.

509 3990 564 4051 Vs.
592 3991 687 4061 1062.
774 3986 837 4048 καὶ
861 3984 920 4049 κατ’
947 3987 1021 4048 αὐτὸ
1046 3987 1083 4066 δὴ
1107 3987 1203 4063 μόνον
1226 3984 1306 4048 τοῦτ’
1332 3986 1440 4068 ἄνδρες
1463 3988 1667 4068 ἀλκιμώτατοι.

552 4103 673 4182 Vereor
708 4117 750 4163 ne
783 4101 903 4163 iniuria
940 4118 960 4162 a
994 4101 1117 4163 criticis
1152 4105 1328 4177 spernatur
1362 4103 1517 4178 Madvigii
1551 4105 1730 4166 coniectura

506 4213 592 4289 κού,
622 4216 759 4276 subesse
788 4215 820 4275 h.
841 4214 863 4277 l.
897 4215 961 4275 rati
993 4215 1115 4290 aliquid
1146 4214 1311 4290 ebscoeni,
1340 4216 1426 4289 quod
1449 4231 1469 4274 a
1492 4219 1607 4290 poetae
1630 4215 1728 4276 nostri

506 4327 638 4400 iugenio
660 4329 774 4388 minus
797 4343 896 4402 quem
919 4327 1025 4388 velles
1048 4327 1194 4388 alienum
1218 4331 1279 4389 esi.

506 4511 561 4572 Vs.
589 4513 683 4574 1109.
860 4515 898 4572 οἳ
921 4511 959 4572 δὲ
983 4513 1057 4592 πρὸς
1080 4519 1141 4584 τοῖς
1164 4513 1281 4591 τειχίοις

861 4624 1101 4704 ξυμβεβυσμένοι
1124 4625 1242 4687 πυκνὸν
1265 4624 1321 4686 nef.

549 4737 640 4797 Haec
673 4737 771 4797 verba
802 4739 873 4798 erte
903 4737 1069 4813 iungenda
1092 4753 1166 4799 esee
1190 4739 1223 4798 et
1245 4738 1336 4815 ιειχία
1358 4736 1546 4813 significare
1569 4737 1729 4799 dicesterii

504 4849 711 4923 parietes,
743 4863 809 4908 non
835 4849 924 4909 urbis
947 4850 1124 4925 moenia,
1150 4865 1210 4910 nec
1228 4851 1267 4910 de
1290 4853 1408 4926 quarto
1429 4850 1537 4924 aliquo
1557 4850 1727 4910 dicesterio

503 4961 714 5034 cogitandum
742 4975 830 5036 esse,
860 4965 896 5021 ut
926 4963 1025 5036 vulgo
1052 4960 1102 5037 fir,
1132 4964 1222 5022 recte
1253 4963 1461 5023 demonstrat
1484 4963 1635 5023 Wiliems
1664 4963 1684 5022 l.
1707 4960 1726 5021 l.

504 5089 534 5150 p.
561 5075 600 5132 21
626 5089 706 5149 sqq„
738 5074 796 5132 sed
823 5089 890 5134 non
914 5077 1020 5135 sensit
1042 5076 1091 5134 ite
1114 5076 1191 5135 ferri
1216 5091 1281 5135 non
1305 5091 1402 5150 posse
1425 5077 1456 5135 οἳ
1479 5074 1526 5152 di,
1548 5075 1634 5150 quod·
1655 5075 1727 5151 post
