3867 6450
796 1013 839 1071 61

209 1198 277 1262 Vsa.
303 1203 390 1262 1096
416 1204 450 1262 et
476 1202 561 1261 1114
587 1203 621 1261 et
648 1200 743 1262 1167.
813 1197 861 1261 dr.
886 1200 1005 1261 linem.
1030 1199 1085 1261 l.l.

212 1426 264 1488 Vs.
289 1429 387 1490 1175.
473 1424 512 1507 ἣν
535 1425 569 1488 δέ
591 1448 653 1488 που
676 1424 729 1510 δέη
753 1419 919 1504 μάχεσθ’
946 1423 1086 1504 ἔχοντα
1108 1424 1163 1503 τὴν
1186 1427 1351 1504 φοινικίδα.

251 1540 374 1603 Suadet
397 1556 534 1602 caesura
556 1543 593 1601 ut
616 1542 755 1601 edamus
778 1538 978 1617 μάχεσθαι
1000 1534 1139 1616 ”zoora

212 1763 262 1826 Vs.
288 1766 385 1827 1178.
563 1762 620 1845 ἐγὼ
644 1759 672 1823 ‹l’
698 1762 806 1843 ἕστηκα
830 1763 1136 1841 ίῑνοιιτώμενος.

250 1879 368 1940 Ultimi
401 1879 549 1940 vocabuli
585 1880 654 1940 iota
683 1880 880 1954 productum
914 1879 999 1939 eatis
1028 1879 1097 1940 iam
1126 1880 1237 1954 arguit
1267 1882 1338 1941 eiua
1368 1896 1433 1942 cor·

212 1993 383 2069 ruptelam‚
407 1993 623 2067 nequeenim
647 1993 752 2053 ullum
777 1994 828 2053 881
843 1992 1052 2067 ⁴praesidium
1075 1993 1109 2051 in
1133 1993 1346 2070 Antiphanis,
1371 2010 1433 2068 quo

213 2107 320 2167 llazon
345 2104 516 2183 provocat,
540 2107 727 2181 fragmento
751 2122 803 2181 ap.
826 2105 947 2166 Athen.
972 2105 1003 2164 X
1026 2122 1056 2181 p.
1081 2106 1199 2166 455F:

473 2219 654 2297 τροφαλίδας
677 2240 707 2278 τι
730 2218 1018 2296 λινοσάρκους,
1040 2217 1224 2294 μανθάνεις;

214 2334 250 2393 de
271 2334 363 2395 cuius
386 2334 621 2408 depravatione
643 2347 741 2393 nemo
764 2333 832 2392 iam
855 2346 958 2392 sanus
981 2331 1125 2393 dubitat.
1150 2332 1221 2393 sive
1243 2332 1435 2412 λινοσάρκους

215 2446 280 2506 sive
309 2446 549 2525 λιπαροσάρκοος
574 2447 669 2520 (quod
693 2446 852 2521 praefero)
876 2447 927 2505 est
951 2445 1094 2519 genuina
1116 2441 1222 2507 lectio.
1365 2431 1369 2437 ’

258 2561 447 2639 Ταχοιιειθής
478 2576 554 2621 vere
585 2562 630 2621 811
660 2575 796 2621 necesse
827 2562 892 2634 eat,
931 2560 984 2619 cui
1016 2561 1214 2634 persuadeat
1243 2561 1325 2622 haec
1357 2562 1435 2623 novi

216 2675 345 2735 editoris
369 2676 462 2735 nota:
490 2667 565 2755 '‚,Le
595 2673 739 2733 soldat
769 2673 1012 2733 abandonne
1043 2688 1115 2747 par
1142 2689 1216 2734 son
1248 2675 1346 2736 chef
1370 2679 1435 2737 eat

217 2791 406 2863 compare
437 2802 486 2846 au
518 2788 726 2848 chaeseur
752 2787 877 2860 qu’on
903 2801 923 2845 a
950 2785 1106 2861 charge
1129 2785 1175 2846 de
1199 2789 1435 2849 aurveiller

216 2899 273 2960 les
314 2901 439 2961 silete
481 2902 521 2960 et
553 2914 630 2973 que
669 2899 732 2959 les
765 2899 1016 2959 rebotteura
1051 2901 1124 2959 ont
1157 2899 1434 2963 abandonnes

216 3028 311 3086 pour
342 3014 517 3075 chasaer
548 3012 765 3073 allieurs.”
1482 2997 1484 3001 ’

256 3127 363 3204 Qualia
401 3126 591 3188 mehercule
632 3126 843 3201 ineptissima
870 3127 954 3186 foret
984 3126 1201 3201 comparatio,
1237 3126 1266 3186 ei
1302 3128 1435 3200 quidem

218 3241 247 3300 hi
274 3242 395 3302 absunt
423 3241 602 3316 paullisper
631 3222 783 3300 abacturi¹
808 3240 896 3316 teras
926 3240 959 3299 in
987 3240 1084 3316 retia,
1108 3255 1209 3315 prope
1232 3254 1315 3314 quae
1339 3240 1434 3301 colla·

218 3355 304 3414 catus
332 3357 385 3415 eat
411 3349 427 3413 t
451 3351 499 3413 hri
521 3357 581 3424 wig
605 3349 746 3431 ἄρκυσιν,
768 3353 910 3428 ignavus
933 3355 1048 3412 contra
1070 3353 1135 3412 iate
1158 3352 1336 3426 imperator
1358 3353 1437 3427 iuga

217 3481 272 3526 sua
301 3467 334 3526 in
363 3466 506 3541 periculo
537 3465 659 3527 deserit
689 3467 877 3542 gregarium
908 3465 1064 3541 militem,
1097 3465 1190 3525 cuius
1217 3465 1376 3526 virtutem
1400 3468 1437 3527 ut

216 3579 299 3640 illius
320 3579 473 3655 ignaviae
495 3593 707 3656 opponerem,
730 3578 858 3640 incerta
876 3578 1032 3653 quamvis
1050 3579 1237 3639 coniectura
1248 3578 1283 3636 in
1295 3566 1437 3640 editione

218 3706 287 3753 mea
316 3691 368 3764 (cl.
399 3691 518 3752 linem.
550 3691 630 3752 XIX
654 3708 685 3768 p.
711 3693 775 3754 389
799 3708 847 3766 sq.
871 3695 905 3753 et
927 3691 1036 3752 XXIV
1059 3707 1089 3766 p.
1114 3691 1190 3760 281)
1212 3693 1367 3766 proposui
1391 3690 1437 3769 1η

217 3803 339 3865 πνέων
362 3802 493 3882 μένος,
516 3820 573 3880 pro
597 3821 661 3881 qua
684 3805 713 3866 ei
736 3805 810 3880 quis
833 3787 1007 3866 certiorem
1032 3804 1195 3864 invenerit
1217 3819 1315 3865 nemo
1338 3820 1438 3879 quam

217 3919 294 3979 mihi
322 3918 436 3980 lecerit
465 3918 603 3992 gratiua
631 3918 768 4006 Leniore
792 3915 1437 3994 1181881111ληνοαιώμενοςοίὴίηῐοῆα

218 4033 297 4092 satia
319 4033 460 4095 constat.
520 4007 522 4012 ⁸

258 4145 308 4205 Ad
339 4144 566 4205 huiuscemodi
595 4145 740 4220 ineptiae
767 4145 942 4219 confugere
974 4146 1135 4218 coguntur
1158 4143 1222 4204 viri
1253 4142 1389 4204 eruditi.
1404 4147 1438 4205 et

218 4254 389 4332 ingeniosi,
425 4257 531 4332 qualis
565 4258 677 4334 procul
715 4258 812 4319 dubio
846 4259 898 4318 est
930 4257 1060 4331 Manen,
1097 4256 1153 4330 qui
1187 4256 1437 4330 corruptissima

218 4382 358 4442 quaeque
387 4369 552 4430 mordicus
577 4372 737 4442 tuenturl
754 4404 794 4414 -
819 4371 941 4430 Eadem
964 4372 1077 4431 autem
1100 4365 1219 4450 ἀκρισίᾳ
1241 4368 1330 4429 idem
1351 4369 1439 4430 infra

218 4494 263 4541 va
299 4469 382 4542 1145
422 4481 570 4544 eiusdem
606 4483 732 4544 vocalis
765 4483 1006 4558 longitudinem
1040 4482 1186 4544 defendit
1218 4482 1251 4542 in
1287 4485 1438 4557 corrupto

219 4575 347 4680 lomna
379 4593 545 4672 Αιοχινιο,
576 4595 657 4670 (ipse
686 4596 840 4670 proposui
870 4594 1075 4672 Αιοχρωνιοη,
1104 4595 1161 4656 aui
1190 4595 1284 4668 ua),
1310 4593 1440 4654 sulioet

219 4705 371 4766 versiculo
397 4708 464 4767 seri
487 4707 665 4768 admodum
690 4708 851 4782 poetastri
875 4707 1078 4770 curiatodori
1101 4707 1213 4777 (anth.
1226 4705 1305 4780 Pal.
1327 4705 1362 4764 11
1386 4706 1438 4774 14)

220 4813 355 4877 viventia
388 4833 428 4878 ea
462 4820 585 4894 aetate,
620 4833 685 4893 qua
718 4833 834 4893 parum
865 4821 923 4879 aut
951 4819 1033 4878 nihil
1064 4818 1242 4880 curabatur
1273 4816 1437 4877 vocalium

220 4929 392 5000 quantitas:

477 5041 629 5121 Αἰσχίνης·
650 5041 755 5119 ίασίης
779 5039 812 5102 dl
834 5042 971 5122 σννσίρνε
992 5043 1088 5103 κύκλα
1109 5041 1242 5120 παρείης.
1345 5013 1350 5020 ¹
