3867 6450
831 1049 871 1109 37

237 1240 344 1301 Hodie
366 1255 457 1318 vero,
481 1256 516 1301 re
535 1240 656 1301 iterum
681 1240 902 1330 considerate,
927 1239 1042 1300 dubito
1065 1252 1107 1300 an
1130 1255 1173 1300 ex
1195 1242 1466 1305 antecedentibus

237 1355 352 1414 mente
382 1353 599 1428 supplendum
631 1353 675 1413 sit
702 1348 792 1413 οὐδὲν
822 1349 863 1430 μὰ
890 1352 950 1411 Δία
976 1351 1155 1428 (μανθάνεις
1178 1355 1291 1413 τούτων
1313 1350 1333 1411 ἃ
1356 1354 1464 1428 πάντες

236 1464 347 1543 ἴσμεν),
379 1469 416 1526 ut
445 1469 542 1541 poeta
568 1468 599 1527 h.
623 1467 645 1527 l.
677 1467 847 1528 Socratem
884 1466 986 1527 iaciat
1016 1468 1220 1542 repetentem
1252 1466 1461 1530 notissimam

235 1594 348 1655 suam,
384 1594 488 1653 neque
522 1578 735 1654 Aristophani
768 1579 881 1653 procul
911 1578 1010 1639 dubio
1043 1579 1205 1655 ignotam,
1240 1581 1461 1642 sententiam:

235 1694 465 1769 plerosque
498 1693 692 1753 homines
725 1704 768 1753 re
801 1707 900 1752 vere
941 1692 1129 1769 nescire,
1166 1708 1270 1767 quae
1304 1694 1461 1768 optime

234 1806 350 1867 scire
370 1776 462 1865 'sibi
496 1805 604 1881 ipsis
635 1805 876 1866 videantur.
910 1837 951 1847 -
990 1804 1024 1865 Si
1055 1807 1169 1866 tamen
1198 1807 1283 1867 forte
1314 1808 1462 1881 quisita

232 1921 351 1979 haeret
379 1918 412 1978 in
442 1914 542 1996 οὐδέν,
569 1919 646 1992 quia
677 1919 842 1979 antecedit
868 1927 977 1997 caece,
1005 1935 1071 1981 non
1101 1921 1225 1998 vedrae,
1246 1920 1404 1982 facillima
1426 1922 1460 1980 in

231 2034 390 2108 promptu
413 2034 465 2093 est
488 2034 646 2098 correctio
670 2030 714 2091 cd
737 2029 783 2108 δὴ
806 2029 847 2109 μὰ
871 2032 938 2091 Δία.

230 2259 291 2319 Vs.
318 2260 391 2319 712.
501 2256 551 2317 cai
574 2256 629 2335 τὴν
651 2254 754 2337 ψυχὴν
778 2256 961 2327 traiecere,

279 2372 374 2433 Locis
397 2371 522 2446 'quibus
553 2372 735 2433 vLeeuwen
759 2373 840 2433 haec
863 2372 964 2432 verba
986 2372 1132 2449 illustrat
1155 2375 1295 2435 addatur
1317 2374 1460 2438 Herond.

231 2486 325 2547 Mim.
348 2485 377 2543 V
401 2486 430 2548 8.

229 2712 289 2773 Vs.
317 2713 391 2777 791.
460 2711 656 2774 Coniectura
686 2712 876 2788 Vollgrafflo
905 2669 1031 2775 tribute
1060 2730 1079 2775 a
1105 2715 1300 2777 Leeuwenio
1323 2718 1459 2794 φρούὸας

214 2842 290 2901 ·pro
316 2824 452 2905 φρουρὰς
475 2841 495 2886 a
517 2840 571 2887 me
594 2827 701 2901 primo
725 2827 893 2902 proposita
916 2829 969 2887 est
991 2828 1050 2889 Ex.
1074 2827 1152 2890 (trit.
1176 2845 1206 2904 p.
1230 2829 1271 2890 X.

228 3053 288 3114 Vs.
316 3054 389 3113 744.
459 3053 577 3113 Mnem.
602 3052 710 3112 XXIV
730 3069 760 3128 p.
786 3055 850 3114 299
873 3070 922 3129 sq.
946 3054 1155 3129 suspicabar:

474 3256 476 3261 1
498 3162 585 3242 ἀφεὶς
610 3160 663 3227 ἐπ’
686 3162 825 3248 ὀλίγον
848 3161 922 3252 κᾷτα
945 3166 1000 3246 τὴν
1022 3168 1146 3249 γνώμην
1168 3169 1260 3230 πάλιν

498 3280 624 3359 κίνησον
647 3273 754 3360 αὖθις,
776 3281 894 3344 ταύτό
918 3303 954 3342 τε
978 3283 1176 3364 ζυγώθρισον.

229 3510 289 3570 Vs.
316 3511 377 3571 757
402 3513 435 3571 et
458 3511 533 3571 773.
595 3509 648 3571 De
671 3526 771 3571 sensu
795 3512 917 3573 ironico
941 3513 1116 3573 verborum
1144 3513 1289 3574 Socratis
1310 3504 1343 3573 εὖ
1367 3535 1400 3593 γε
1422 3519 1456 3574 et

226 3631 333 3700 σοφῶς
356 3644 388 3703 γε
411 3621 449 3700 νὴ
469 3621 520 3696 τὰς
547 3623 675 3702 Χάριτας
698 3625 812 3686 monui
834 3625 855 3685 l.
879 3625 900 3685 i.

229 3850 288 3910 VS.
316 3851 389 3910 785.
499 3844 557 3908 ἀλλ’
585 3848 681 3922 εὐθὺς
705 3849 890 3928 ἐπιλήθει
915 3846 990 3932 σῖγ’,
1012 3847 1069 3912 ἅττ’
1094 3849 1132 3910 dv
1155 3851 1205 3912 καὶ
1228 3854 1338 3938 μάθῃς,

273 3963 424 4024 Haerens
452 3963 486 4023 in
509 3964 608 4024 verbo
632 3979 651 4023 a
675 3965 800 4024 comica
822 3964 965 4026 dictione
989 3965 1098 4026 aliena
1121 3966 1240 4028 Mnem.
1265 3967 1286 4028 l.
1310 3967 1331 4028 l.
1355 3984 1386 4042 p.
1411 3969 1454 4028 49

226 4076 354 4137 conieci
384 4073 588 4136 ἐπιλανθάνει.
619 4077 663 4136 At
693 4081 726 4138 et
755 4078 869 4138 lenius·
892 4080 925 4139 et
954 4079 1076 4141 molius
1107 4081 1231 4156 corrigo
1265 4097 1351 4142 nunc
1378 4079 1454 4140 ἐπι-

225 4189 356 4267 λήσει,
384 4188 604 4251 obliturus
640 4206 718 4266 es,¹
737 4191 788 4252 oui
827 4193 1021 4254 correctioni
1054 4192 1146 4255 favet
1175 4195 1275 4255 stiam
1311 4197 1453 4257 aoristus

225 4303 346 4386 μάθῃς,
369 4303 584 4364 didiceris.

227 4532 285 4592 Vs.
312 4531 389 4592 888.
496 4530 594 4612 ὥσπερ
637 4538 798 4606 τεθνεῶτος
832 4536 1045 4597 καταλούει
1085 4558 1158 4615 μου
1192 4544 1262 4614 (μου
1298 4540 1339 4600 al.
1375 4545 1452 4609 om.)

1211 4650 1263 4711 τὸν
1285 4651 1363 4730 βίον·

272 4759 421 4820 Meineke
445 4762 478 4820 et
500 4761 683 4821 vLeeuwen
703 4766 895 4837 receperunt
913 4763 1079 4838 Blaydesii
1101 4766 1322 4826 coniecturam
1346 4787 1452 4824 κατα-

225 4872 325 4949 λόει,
359 4873 417 4933 sed
453 4874 580 4947 epicam
616 4875 701 4935 hanc
735 4876 877 4936 formam
909 4877 942 4936 in
977 4879 1075 4952 poeta
1105 4879 1206 4938 attico
1237 4879 1323 4939 haud
1356 4880 1452 4939 facile

224 4985 433 5062 admiserim,
459 5001 534 5047 oum
553 4988 751 5062 praesertim
775 4988 857 5050 nihil
876 4988 1036 5064 impediat
1054 4992 1230 5064 quominus
1249 4993 1453 5067 corrigamus

225 5114 270 5160 ex
300 5115 366 5161 uno
396 5099 507 5162 codice
538 5099 637 5180 ὥσπερ
661 5100 823 5174 τεθνεῶτός
855 5124 927 5180 μου
958 5103 1194 5177 curatoriam
1223 5101 1275 5165 τὸν
1302 5104 1378 5183 βίον,
1403 5105 1450 5167 Oi.
