3867 6450
867 981 903 1041 17

266 1168 345 1229 Imo
368 1168 532 1242 optimum
556 1169 590 1226 et
613 1181 667 1241 me
686 1166 791 1226 iudice
811 1166 917 1227 multo
937 1165 1125 1241 meliorem,
1146 1165 1244 1225 modo
1263 1164 1497 1238 intellegamus

268 1278 334 1339 ἀπὸ
365 1287 417 1339 τοῦ
448 1279 591 1357 βαλάνου.
622 1280 746 1352 Nempe
776 1278 992 1340 Demostheni
1025 1279 1208 1353 pessimum
1240 1293 1336 1337 omen
1368 1279 1497 1342 videtur

269 1393 560 1453 masturbantibus
589 1394 645 1451 aut
671 1391 844 1451 muliebria
858 1391 1070 1470 patientibus
1095 1394 1245 1464 (utroque
1276 1389 1366 1450 enim
1396 1406 1497 1451 sensu

269 1508 412 1567 verbum
444 1506 624 1574 adhibetur)
648 1505 842 1579 propudium
874 1505 991 1565 abire
1015 1521 1035 1564 a
1058 1504 1191 1580 glande,
1215 1505 1292 1578 quia
1314 1506 1496 1579 periculum

270 1620 328 1680 est
360 1634 401 1680 ne
436 1620 516 1693 ipsis
545 1618 634 1678 fuste
665 1621 723 1678 aut
752 1618 882 1692 flagello
913 1619 1021 1678 caesis
1050 1618 1174 1677 abeat
1207 1633 1266 1678 cus
1300 1634 1319 1678 a
1353 1634 1496 1693 corpore.

271 1731 323 1793 Cf.
348 1734 449 1793 etiam
472 1731 626 1792 Willems
650 1732 670 1792 l.
685 1734 705 1791 l.

321 1846 399 1907 Mihi
421 1845 703 1920 transponendum
729 1845 875 1906 videtur:

542 1966 601 2021 τῶν
623 1956 799 2034 δεφομένων
823 1954 887 2033 ὁτιὴ
910 1957 942 2019 τὸ
966 1953 1046 2035 δέρμ’
1072 1956 1235 2036 ἀπέρχεται.

271 2186 333 2246 VS.
357 2188 410 2245 44.
543 2182 663 2260 ἐπρίατο
687 2184 812 2261 δοῦλον,
834 2183 1033 2263 βυρσοδέψην
1058 2185 1258 2265 Παφλαγόνα.

320 2299 475 2360 Deleatur
515 2299 643 2373 virgula
683 2302 757 2373 post
799 2298 921 2376 δοῦλον,
956 2303 995 2360 ut
1028 2302 1153 2374 passim
1174 2303 1364 2361 occurrunt
1397 2300 1500 2359 δοῦλοι

271 2412 456 2488 κλινοποιολ,
479 2411 690 2489 μαχαιροποιοί
713 2415 775 2472 etc.

274 2640 333 2701 Vs,
358 2640 411 2699 47.
543 2637 664 2710 (Cleon)
710 2636 871 2698 ὑποπεσὼν
894 2638 945 2699 τὸν
970 2639 1118 2716 δεσπότην

543 2746 656 2835 ᾔκαλλ’,
678 2746 818 2828 ἐθώπευ’,
839 2746 1001 2826 ἐκολάκευ’,
1023 2749 1153 2828 ἐξηπάτα

545 2863 857 2941 κοσκυλματίοις
880 2862 998 2942 ὃλκροισι
1020 2862 1076 2924 κτὲ.

322 2980 460 3039 Prorsus
491 2979 572 3039 mihi
603 2979 768 3053 persuasit
793 2979 918 3053 collega
939 2979 1110 3039 Leidensis
1133 2979 1203 3039 nihi
1225 2978 1337 3053 profici
1360 2980 1501 3052 Helblgii

275 3097 312 3153 et
344 3093 462 3161 Kockii
490 3092 686 3152 coniecturis
716 3096 857 3171 σαθροῖσι
886 3095 920 3153 et
950 3096 1090 3167 σακροῐσι
1121 3108 1179 3167 pro
1210 3089 1327 3163 ἄκροισι
1356 3095 1390 3152 et
1420 3093 1501 3152 vitio

275 3206 394 3266 natum
429 3220 501 3266 esse
535 3207 644 3279 ipsum
679 3204 919 3281 κοσκυλματίοις,
962 3221 1026 3281 quo
1069 3204 1251 3281 significari
1290 3207 1501 3267 coriorum

275 3323 470 3380 ramenta
503 3319 703 3379 scholiastae
737 3320 913 3380 manifesto
938 3318 1238 3398 αοιοσχεδιοίζοοσιν,
1256 3321 1305 3379 ita
1329 3323 1499 3395 putantes,

275 3435 364 3509 quod
388 3433 541 3495 Cleonem
567 3434 742 3493 coriarium
766 3448 839 3493 esse
863 3437 1065 3496 noverant.-

324 3547 495 3607 Facillima
514 3547 646 3620 quidem
668 3546 753 3607 foret
776 3547 874 3606 huius
897 3547 959 3607 loci
983 3549 1156 3622 correctio,
1180 3549 1210 3606 si
1233 3549 1317 3607 satis
1336 3548 1501 3607 constaret

277 3661 415 3721 Suidam
439 3660 572 3720 Theem.
598 3661 677 3720 852:

545 3773 574 3832 τί
595 3765 633 3832 αὖ
658 3765 702 3832 σὺῚ
718 3784 883 3856 κυρκανᾷςς
906 3774 935 3832 τί
956 3775 1189 3844 κοικύλλεις
1214 3772 1303 3850 {pom

276 3888 416 3948 verbum
445 3887 611 3947 cornillan
641 3891 730 3958 recte
756 3888 967 3962 interpretari
991 3893 1189 3964 κακοιεχνεῑν,
1213 3889 1260 3948 ita
1283 3888 1372 3948 enim
1398 3889 1502 3946 muta·

275 4004 369 4062 tione
394 4003 450 4060 vix
468 4002 536 4060 ulla
562 4002 680 4075 corrigi
706 4006 819 4076 posset
845 3999 1168 4078 κοικολμαιίοις,
1192 4002 1213 4060 i.
1235 4017 1261 4060 e.
1286 3999 1505 4076 κακοτεχνίαις,

277 4112 338 4173 sed
367 4115 443 4186 quid
466 4114 528 4172 sibi
552 4114 652 4173 vellet
675 4115 736 4173 hoo
761 4116 895 4175 verbum
924 4117 991 4175 iarn
1016 4115 1145 4175 veteres
1169 4114 1380 4188 grammatici
1403 4113 1504 4173 ambi-

277 4225 415 4301 gebant,
445 4241 584 4300 quorum
613 4227 796 4286 sententias
828 4226 980 4287 collectas
1012 4228 1085 4288 vide
1118 4228 1151 4288 in
1182 4226 1344 4286 Thesauri
1372 4225 1435 4286 vol.
1461 4225 1505 4283 lV

279 4355 312 4413 p.
335 4337 418 4397 1705
431 4352 457 4397 a.
473 4353 501 4397 υ.
523 4337 608 4397 Num
628 4339 715 4398 recte
735 4338 878 4412 explicet
897 4339 1080 4398 vLeeuwen
1104 4341 1124 4399 l.
1143 4341 1165 4400 l.
1189 4339 1505 4400 intentissimis

280 4451 421 4511 oculis
444 4451 621 4525 intueri,
647 4451 788 4511 aliorum
812 4452 883 4510 esto
906 4451 1074 4510 iudicium.

327 4563 449 4623 Verum
469 4562 520 4622 sac
539 4577 707 4638 perperam
730 4565 896 4638 explicare
915 4564 1064 4638 suidam,
1086 4578 1126 4622 ne
1145 4565 1343 4637 sicquidem
1362 4563 1505 4623 fortasse

280 4671 522 4751 desperandum
543 4679 594 4736 est
614 4677 653 4736 de
673 4677 744 4738 loco
763 4681 877 4738 nostro
897 4652 1099 4751 corrigendo.
1123 4677 1234 4750 Neque
1255 4679 1343 4737 enim
1362 4677 1507 4736 violenta

281 4791 336 4850 est
358 4790 391 4848 et
414 4789 640 4849 difficultatem
664 4790 761 4864 plane
782 4791 914 4864 expedit
933 4789 1127 4850 substitutio
1141 4790 1225 4849 alius
1244 4789 1406 4864 vocabuli,
1428 4790 1506 4861 novi

281 4901 416 4976 quidem
430 4901 487 4961 sed
501 4903 624 4975 optime
644 4903 778 4964 formati
793 4919 813 4962 a
826 4902 924 4962 verbo
936 4903 1111 4976 ποικίλλειν,
1121 4902 1268 4961 adhibito
1283 4902 1321 4961 de
1340 4902 1504 4977 dolosa,

282 5015 446 5089 astuta„
472 5018 647 5080 versuta
674 5017 869 5084 oratione
893 5017 969 5084 slve
989 5017 1158 5078 actione
1187 5030 1251 5079 non
1275 5015 1383 5074 solum
1404 5020 1504 5078 atra·

338 5119 408 5165 ull
827 5135 828 5138 ¹
1387 5123 1401 5163 2
