3867 6450
799 1077 841 1136 45

208 1264 260 1324 Va.
288 1265 360 1325 105.
470 1262 567 1343 ὥσπερ
590 1260 681 1334 λε’πας
704 1262 937 1343 προσισχόμενος
962 1273 1008 1346 τῷ
1040 1262 1159 1325 κίονι.

251 1377 342 1437 Stud.
375 1376 452 1439 (irit.
483 1376 504 1437 l.
524 1377 545 1437 l.
577 1377 743 1438 malebam
773 1399 820 1460 τῳ
850 1359 973 1454 κίονα,
999 1378 1084 1451 quod
1109 1393 1175 1439 non
1198 1378 1244 1439 sit
1267 1378 1432 1455 probabile

208 1488 390 1550 aedificium
413 1491 463 1551 tot
484 1490 629 1553 iudicum
653 1505 757 1565 capax
776 1490 872 1552 unica
891 1490 1046 1552 columna
1064 1491 1185 1552 fultum
1207 1493 1320 1554 fuisse.
1341 1493 1432 1554 Iusto

208 1605 360 1665 audacius
385 1614 420 1689 τῇ
446 1605 572 1684 κιγκλίδι
599 1606 739 1668 coniecit
764 1606 915 1680 Blaydes.

209 1832 277 1892 Vss.
304 1834 381 1907 135;
409 1834 470 1894 147
495 1848 558 1908 σας
585 1835 661 1907 161;
689 1835 751 1895 179
771 1850 834 1911 sq.‚
858 1835 920 1896 193
941 1850 990 1908 sq.
1060 1836 1130 1897 Hos
1152 1852 1270 1897 versus
1289 1839 1431 1899 tractavi

209 1946 322 2007 Mnem.
347 1947 367 2007 l.
382 1947 403 2008 1.
428 1963 457 2022 p.
482 1948 545 2007 441
570 1962 618 2020 sq.
643 1978 684 1988 -
708 1947 833 2009 Ultimo
860 1948 931 2009 loco
955 1948 1098 2016 starkie
1107 1964 1282 2024 perperam
1307 1950 1347 2011 de
1371 1966 1431 2012 suo

209 2060 319 2120 eurora:
997 2051 1000 2057 ’

468 2169 519 2232 καὶ
541 2181 577 2254 τῇ
600 2171 678 2255 δοκῷ
701 2170 847 2253 προσθεὶς
869 2171 921 2233 τὸν
945 2172 1038 2251 ὅλμον
1061 2172 1114 2234 τὸν
1139 2171 1235 2256 μέγαν

470 2282 664 2346 ἀνύσαντε
694 2282 996 2366 προσκυλίνδετ’

210 2416 263 2473 plo
284 2400 416 2461 traditis
439 2396 554 2471 ἀνύσας
578 2422 604 2458 τι
626 2398 788 2479 προσκύλιέ
810 2395 846 2480 γ’.

252 2514 298 2575 Ab
320 2514 411 2574 omni
434 2514 521 2573 enim
544 2512 771 2588 probabilitate
795 2515 961 2591 abhorret,
989 2519 1024 2576 ut
1044 2518 1171 2578 taceam
1194 2518 1233 2578 de
1251 2515 1432 2579 ‘artificiosa

211 2628 276 2686 eius
305 2627 410 2687 dualis
441 2627 672 2703 explicatione,
700 2629 901 2701 exquisitam
924 2629 1104 2691 formulam
1127 2631 1268 2692 atticam
1293 2634 1326 2692 et
1351 2633 1429 2692 aris·

210 2740 402 2815 topbaneam
437 2736 551 2812 ἀνύσας
586 2763 612 2799 πι
646 2741 831 2815 corruptela
860 2745 977 2802 natam
1007 2759 1081 2804 esse
1113 2748 1145 2805 et
1178 2761 1236 2820 pro
1267 2745 1430 2820 singulari

211 2857 328 2927 pugnat
369 2855 563 2915 antecedens
604 2852 742 2931 ἔμβαλλε,
776 2856 868 2916 cuius
903 2860 1036 2932 tempus
1070 2859 1240 2919 dissuadet
1274 2875 1316 2920 ne
1354 2874 1429 2921 cum

211 2964 323 3028 Gobeto
349 2969 381 3027 et
404 2968 599 3028 Leeuwenio
623 2968 826 3043 corrigamus
848 2974 1057 3048 aposcolicam
1080 2970 1245 3031 Punctum
1269 2972 1429 3046 temporis

210 3093 269 3138 non
292 3080 403 3141 dubito
427 3081 505 3154 quin
528 3081 549 3141 l.
563 3081 585 3144 l.
609 3080 689 3142 bene
713 3083 975 3144 emendaverim:

470 3189 584 3266 ἀνύσας
606 3216 633 3254 τι
656 3190 853 3274 προσκύλινδ’
879 3190 912 3255 ἕν’
940 3199 1129 3272 (praeterea)

211 3309 418 3381 posteaquam
464 3308 619 3384 Blaydes,
665 3309 752 3370 male
795 3310 942 3370 retinens
983 3311 1126 3372 formam
1167 3311 1428 3388 hellenisticam,

212 3419 306 3480 edidit
336 3416 537 3500 προσκύλί
572 3419 616 3481 ἕ-π.

212 3621 279 3682 uss.
300 3624 380 3698 213;
403 3625 484 3698 aem
507 3625 569 3684 291
591 3639 640 3698 sq.
708 3624 779 3686 vro.
801 3605 920 3688 un'em.
941 3627 962 3687 l.
977 3626 998 3688 l.
1019 3644 1049 3702 p.
1072 3629 1136 3687 443
1155 3645 1204 3702 sq.
1220 3663 1259 3672 -
1274 3630 1329 3690 vs.
1352 3631 1428 3706 acc,

212 3733 246 3793 ds
265 3751 326 3809 quo
344 3737 466 3798 ibidem
488 3737 666 3814 disputavi,
692 3741 780 3800 recte
800 3729 912 3800 tuetur
932 3739 1070 3802 Olarkie.
1091 3741 1307 3816 comparetur
1327 3744 1429 3804 etiam

213 3846 280 3908 Pac.
307 3849 380 3910 180.

212 4049 262 4110 Vs.
286 4052 359 4112 235.
468 4050 592 4113 ἀππαπαῖ
609 4070 666 4130 pro
689 4051 837 4115 ἀππαπαῖ
855 4056 1058 4130 corrigebam
1082 4057 1200 4118 Mnem.
1225 4058 1304 4117 XIV
1322 4074 1352 4133 p.
1374 4061 1427 4120 63.

213 4250 262 4311 vs.
287 4254 361 4314 aar.
385 4223 525 4331 corppn.
1029 4257 1100 4318 παπ
1123 4255 1161 4318 απ

423 4366 465 4445 μὰ
489 4363 539 4429 Δί’
561 4374 618 4440 (se.
640 4369 763 4448 ἰσχάδας
782 4371 930 4450 πριαίμην
950 4369 1049 4449 ὑμῖν),
1068 4352 1095 4431 si
1113 4368 1278 4452 κρέμαισθέ
1295 4368 1333 4453 γ’,
1346 4371 1428 4451 ύμῖν.

253 4479 374 4542 Malim:
400 4476 480 4542 οὐδ’
506 4478 552 4541 bv
576 4515 619 4525 —
642 4482 676 4543 εἰ.

214 4660 264 4724 Vs.
287 4667 360 4728 806.
931 4670 1005 4751 ἔχεις
1029 4670 1073 4732 ἐ-

557 4783 632 4844 uido
655 4783 784 4864 χρηστήν
807 4806 874 4844 τινα
897 4795 959 4869 νῷν
982 4783 1003 4864 ἢ

558 4899 654 4979 πόρον
676 4896 786 4971 Ἕλλας
810 4898 927 4980 ἱερόν.

253 5008 382 5086 Recepit
410 5013 592 5073 vLeeuwen
615 5013 797 5074 Hermanni
821 5014 1045 5075 couiecturam
1077 5012 1164 5093 λρὸν
1194 5012 1330 5073 εἰπεῖν.
1354 5015 1426 5075 Pro·

216 5119 358 5200 habilius,
390 5126 424 5185 ni
459 5125 564 5202 fallor,
596 5127 740 5200 Blaydes
763 5129 934 5204 rescripsit
965 5125 1045 5207 ἱρὸν
1076 5125 1217 5207 εὑρεῖν.
1242 5127 1327 5189 Nam
1351 5132 1427 5203 post
