3867 6450
791 1056 833 1116 63

269 1245 354 1305 Num
373 1244 458 1304 tome
480 1244 700 1318 ‚tanquam
719 1242 1030 1302 tristissimum
1051 1244 1214 1302 omen”?
1234 1239 1427 1303 Oihueian.

210 1358 347 1418 Eunuch.
380 1359 399 1418 6
429 1354 654 1416 δυσοιωνισιόν.
675 1377 703 1413 ιι
732 1352 782 1414 καὶ
812 1352 1000 1432 δυσάντητον
1028 1351 1144 1432 θέαμα,
1174 1354 1205 1414 εἴ
1230 1377 1272 1426 τις
1303 1353 1428 1415 ἕωθεν

210 1469 287 1543 ἐξιὼν
321 1469 353 1530 ἐκ
387 1478 439 1546 τῆς
473 1468 568 1540 οἰκίας
603 1468 663 1529 ἴδοι
697 1467 872 1545 (εὐνοῦχον).
907 1469 1021 1530 Amor.
1057 1470 1109 1529 39.
1145 1469 1338 1545 Pseudolog.
1377 1469 1427 1529 11.

210 1586 318 1646 iuven.
346 1585 390 1643 VI
417 1585 479 1645 601
504 1584 685 1658 (Aethiops)
715 1598 938 1657 numquam
970 1583 1051 1643 tihi
1082 1598 1176 1643 unuh
1207 1583 1427 1659 videndus,

211 1702 240 1757 et
266 1697 420 1757 similiter
441 1697 725 1772 interpretandum
750 1711 799 1756 ve.
825 1698 889 1757 655
914 1698 1143 1756 occurrent
1165 1695 1324 1757 multae
1347 1696 1428 1757 tibi

211 1811 373 1871 Belides
414 1814 541 1884 atque
582 1810 812 1886 Eriphylae
856 1811 965 1871 nim.
1001 1811 1150 1885 Speciem
1184 1813 1297 1871 temen
1331 1810 1430 1870 habet

211 1923 389 1985 heeuwenii
413 1925 601 1984 coniectura
623 1920 753 1984 dundee.
838 1905 840 1909 ’
926 1901 929 1907 ’

212 2113 261 2174 Vs·
286 2115 358 2175 157.
468 2105 504 2172 oi
527 2122 628 2192 πρῶτα
652 2110 706 2188 μέν
729 2113 776 2173 δεῖ
796 2115 851 2189 ζῆν
874 2109 948 2172 ἄνευ
973 2113 1162 2190 βαλλαντίου.

250 2227 367 2286 liudem
398 2229 594 2300 argumento
624 2227 800 2302 pravitatis
827 2228 992 2287 humanae
1015 2227 1048 2286 in
1072 2226 1222 2288 oratione
1245 2227 1286 2286 ed
1309 2227 1430 2288 liberos

213 2353 284 2398 sues
305 2339 408 2399 utitur
432 2354 529 2400 ursus
552 2340 654 2399 Atta
676 2339 792 2400 Troll
817 2339 850 2398 in
874 2338 1081 2400 facetissimo
1106 2338 1289 2400 Heinriehii
1312 2339 1429 2412 Heyne

213 2454 365 2524 poemate.

214 2638 264 2704 Vs,
289 2641 361 2701 181.
472 2640 516 2700 δτι
540 2637 572 2700 δὲ
595 2644 728 2701 πολεῖται
751 2650 866 2702 τοῦτο
890 2639 941 2700 καὶ
965 2639 1108 2720 διέρχεται

471 2752 588 2813 ἅπαντα
612 2751 662 2812 διὰ
684 2753 805 2830 τούτου,
827 2757 959 2813 καλεῖται
981 2750 1032 2812 καλ
1055 2753 1150 2825 πόλις.

254 2867 379 2926 Arridet
408 2867 599 2942 nuperrima
627 2867 772 2927 Robertii
799 2867 956 2928 eorrectio
987 2867 1130 2927 fortasse
1160 2882 1239 2927 vera
1258 2861 1428 2926 ’νιαοσα

214 2993 265 3052 pro
285 2988 386 3055 τοῦτο,
407 2995 507 3052 quam
530 2980 699 3055 proposuit
721 2979 754 3040 in
778 2980 922 3040 Hermae
946 2980 1010 3040 vol.
1034 2979 1104 3055 XL,
1131 2982 1166 3055 3,
1191 2979 1267 3040 419.

216 3178 264 3240 Vs.
290 3181 361 3242 190.
470 3180 579 3260 οὕτως,
602 3180 673 3242 ὅταν
696 3182 875 3242 θύσωσιν
899 3181 1060 3260 ἅνθρωποι
1082 3186 1181 3259 θεοῖς,

470 3291 572 3373 ἦνμὴ
596 3295 694 3376 φόρον
717 3293 849 3374 φέρωσιν
872 3297 945 3373 ὑμῖν
969 3295 1001 3355 οἱ
1022 3296 1105 3373 θεοί,

470 3416 529 3467 τῶν
551 3409 667 3488 μηρίων
690 3408 745 3487 τὴν
767 3413 876 3468 κνῖσαν
899 3407 936 3469 οὐ
960 3408 1170 3485 δειπνήσομεν.

253 3518 330 3594 Quia
351 3520 526 3581 manifeste
541 3522 594 3582 hie
612 3523 721 3597 agitur
739 3523 779 3583 de
798 3522 928 3583 actione
946 3522 1125 3582 identidem
1142 3522 1296 3598 repetite,
1318 3522 1430 3595 utique

214 3632 388 3707 recipienda
416 3636 468 3693 est
497 3635 662 3710 Lentingii
692 3636 849 3695 eorrectio
872 3634 999 3693 θύωσιν.
1023 3635 1146 3695 Eodem
1171 3634 1252 3694 vitio
1275 3632 1430 3693 κωλύσωσι

214 3759 265 3817 pro
285 3745 440 3805 νωλύωσιν
461 3745 582 3823 legitur
604 3747 691 3810 licei.
716 3749 793 3809 841.

216 3931 264 3994 Vs.
287 3936 473 3996 227-262.
542 3935 589 3998 cf.
620 3938 656 4000 0.
689 3938 882 4012 schroeder,
914 3936 1000 4000 Berl.
1031 3937 1111 4012 phil.
1135 3936 1249 3999 Woeh.
1278 3952 1307 3999 e.
1334 3938 1429 4013 1905,

216 4060 242 4119 p.
261 4049 324 4108 909
346 4063 394 4123 eq.

216 4222 266 4285 Vs.
285 4228 348 4288 254
365 4231 398 4288 et
417 4230 501 4289 1994
531 4229 597 4299 (ubi
614 4229 774 4304 expungit
790 4228 998 4299 Picolomini)
1014 4226 1132 4287 οἰωνῶν
1151 4227 1430 4305 ταναοδείρων.

255 4338 331 4414 Quia
363 4341 396 4400 in
431 4344 539 4401 metro
572 4341 735 4416 dactylico
769 4340 898 4401 numeri
929 4341 1076 4415 suspecti
1107 4343 1185 4400 eunt
1216 4343 1247 4400 et
1278 4339 1431 4413 analogia

217 4455 298 4511 caret
318 4453 378 4513 hoe
401 4453 612 4529 vocabulum,
636 4455 704 4513 iam
728 4454 807 4514 olim
834 4453 1001 4528 proposui,
1023 4453 1109 4526 quod
1128 4453 1288 4526 hodieque
1307 4451 1429 4526 placet:

472 4564 589 4625 οἰωνῶν
620 4564 880 4643 τανυδείρων.

217 4735 267 4799 Vs.
290 4741 352 4800 282
375 4756 424 4814 sq.
536 4737 717 4812 Φιλοκλέους
741 4739 772 4813 έξ
795 4739 918 4811 ἔποπος.

256 4851 381 4927 Optime
404 4853 557 4913 Willems
587 4854 648 4914 l.l.
674 4869 704 4928 p.
736 4855 779 4914 50
806 4853 922 4913 vertit:
953 4852 1030 4912 fils
1060 4854 1107 4913 de
1139 4852 1358 4913 Philocles
1390 4852 1430 4909 et

218 4961 331 5025 d‘une
360 4966 508 5041 huppe‚
539 4966 612 5047 noll.
645 4965 729 5027 Xen.
761 4966 846 5027 Hell.
878 4966 923 5026 IV
954 4968 986 5042 1,
1019 4966 1061 5025 39
1094 4968 1126 5026 et
1148 4966 1188 5025 fr.
1212 4980 1296 5026 com.
1321 4966 1374 5028 Gr.
1399 4968 1430 5026 II

216 5075 340 5151 11679,
363 5078 402 5137 de
426 5077 581 5137 Philoclis
604 5078 807 5153 turpitudine
829 5079 937 5138 citans
959 5077 1158 5153 Thesmoph.
1185 5077 1257 5137 168.
