3867 6450
827 1033 868 1093 41

230 1222 324 1295 Quos
354 1235 470 1282 verum
499 1220 622 1280 vidisse
652 1220 783 1279 tantum
814 1234 879 1280 non
911 1219 1055 1280 clamare
1085 1222 1164 1296 puto
1196 1235 1245 1281 vs.
1279 1220 1375 1294 1269,
1407 1219 1463 1278 ubi

230 1335 400 1409 Amynias
421 1348 589 1395 summam
614 1333 676 1393 sibi
699 1332 845 1393 debitam
868 1332 957 1393 reddi
982 1332 1090 1393 iubet:

503 1444 597 1517 ἄλλως
620 1466 649 1504 τε
671 1442 771 1521 μέντοι
795 1444 846 1504 καὶ
869 1454 996 1517 κακῶς
1020 1444 1248 1525 πεπραγότι.

282 1556 353 1623 Non
384 1562 472 1622 enim
503 1575 601 1622 casus
624 1560 663 1621 ab
691 1576 773 1635 equo
798 1563 892 1622 aute
919 1576 1017 1622 curru
1048 1576 1149 1648 causa
1179 1576 1253 1622 esse
1276 1560 1385 1636 potuit
1408 1575 1482 1620 our‘

231 1675 450 1752 potissimum
490 1674 633 1750 pretium
671 1674 734 1733 sibi
772 1674 922 1737 redderet
955 1674 1178 1750 Phidippides,
1211 1676 1269 1734 sed
1303 1674 1410 1749 potuit
1444 1667 1463 1747 ἡ

232 1787 422 1865 οῑιιοφθορίοι
467 1788 625 1863 hominis,
668 1802 750 1860 quae
795 1790 1006 1862 praesentem
1052 1788 1225 1861 pecuniam
1269 1787 1463 1862 postularet.

233 1902 444 1977 Strepsiades
478 1918 556 1963 vero
597 1918 673 1962 eum
716 1902 855 1962 irridens
895 1902 985 1962 idem
1024 1901 1162 1963 verbnm
1203 1902 1323 1977 accipit
1363 1916 1464 1962 sensu

233 2016 382 2093 proprio,
413 2015 447 2075 in
478 2031 543 2089 qua
577 2015 779 2091 amphibolia
814 2030 868 2076 me
900 2015 1006 2076 iudice
1041 2016 1151 2076 omnis
1184 2018 1236 2076 est
1269 2016 1369 2075 huius
1401 2015 1464 2076 loci

233 2130 371 2206 facetia,
393 2144 458 2204 qua
477 2130 664 2190 Leeuwenii
684 2132 773 2189 caret
793 2128 980 2203 explicatio.
995 2162 1036 2172 -
1049 2128 1095 2189 De
1107 2143 1156 2189 vs
1177 2129 1262 2190 1275
1276 2128 1465 2203 corrigendo

233 2243 324 2303 idem
350 2242 470 2303 melius
493 2242 653 2303 iudicavit
676 2223 775 2315 quam
800 2257 859 2316 ego
883 2242 1002 2303 linem.
1027 2241 1136 2301 XXIV
1159 2259 1189 2317 p.
1214 2243 1289 2302 301.

234 2518 293 2581 Vs.
323 2520 418 2581 1292.
489 2520 610 2594 Streps.
1081 2512 1155 2601 κᾷτα
1177 2527 1242 2591 πῶς

506 2630 581 2709 αὕτη
605 2627 658 2708 μὲν
682 2626 711 2708 (ἡ
735 2631 891 2710 θάλαττα),
914 2624 937 2692 ὦ
960 2630 1158 2710 κακόδαιμον,
1180 2627 1271 2692 οὐδὲν
1293 2630 1423 2711 γίγνεται

506 2742 702 2824 ἐπιρρεόντων
725 2753 784 2804 τῶν
806 2754 948 2824 ποταμῶν
972 2744 1081 2805 πλείων
1106 2768 1164 2817 -;

281 2858 395 2919 Multis
413 2858 515 2919 etiam
527 2861 603 2933 post
618 2858 875 2934 Aristophanem
888 2859 1030 2920 saeculis
1043 2860 1123 2919 baec
1135 2858 1297 2933 quaestio,
1318 2856 1464 2931 physicis

235 2971 405 3032 hodiernis
434 2971 521 3032 haud
555 2970 708 3047 obscura,
742 2974 891 3033 veterum
921 2972 1192 3048 philosophorum
1218 2970 1346 3031 animos
1377 2985 1466 3030 occu·

234 3100 337 3160 passe
360 3086 499 3145 videtur.
523 3084 570 3146 cf.
594 3085 793 3148 Claudianus
817 3086 850 3145 in
874 3086 947 3146 Rus.
972 3086 988 3145 Ι
1014 3087 1093 3146 184:

284 3201 340 3260 Ac
389 3199 509 3260 velut
558 3199 806 3261 innumeros
855 3215 999 3262 omnes
1049 3201 1255 3264 accedere
1305 3202 1465 3263 Nereus

235 3313 386 3373 Nescit
416 3316 456 3374 et
480 3314 709 3374 undantem
734 3314 933 3388 quamvis
956 3315 1056 3375 hino
1086 3315 1259 3376 hauriat
1288 3316 1463 3391 Istrum,

237 3426 346 3486 Hinc
380 3426 489 3486 bibit
520 3427 732 3488 aestivum
762 3429 984 3503 septenum
1012 3429 1183 3502 gurgite
1218 3430 1356 3490 Nilum
1387 3432 1464 3491 cett.

203 3747 209 3754 '
236 3744 297 3804 Vs.
323 3745 418 3805 1296.
487 3745 561 3806 cod.
594 3744 706 3805 Ambr.
738 3742 916 3816 ἀποδιώξεισ
939 3742 1043 3822 αὐτὸν,
1065 3746 1086 3805 i.
1111 3760 1138 3806 θ.
1163 3741 1322 3816 ἀποδιώξει
1345 3742 1467 3822 σαυτὸν,

236 3860 277 3918 ut
312 3858 393 3918 bene
427 3859 571 3919 correxit
604 3858 761 3932 Elmsley.
796 3858 925 3932 Reliqui
963 3857 1037 3918 libri
1071 3859 1256 3933 corruptius
1290 3855 1465 3930 ἀποδιώξεις

237 3969 360 4030 οοιοοὸν.
389 3969 435 4031 of.
467 3972 614 4046 Append.
643 3986 672 4046 p.
698 3973 751 4032 81.
777 3971 848 4031 Vid.
876 3971 979 4032 etiam
1007 3972 1126 4032 linem.
1151 3971 1259 4031 XXIV
1282 3989 1313 4047 p.
1338 3974 1381 4032 30
1405 3988 1464 4047 sq.‚

237 4084 295 4144 ubi
322 4085 543 4159 partim-cum
570 4085 718 4146 Bentleio
746 4085 913 4145 malebam
941 4082 998 4144 οὐκ
1021 4082 1211 4163 ἀπολιβάξεις
1232 4078 1326 4145 αὐτίκ’
1348 4077 1463 4153 (αὐτόθ’

238 4199 369 4274 Bouill,
401 4199 573 4258 conferens
602 4201 716 4260 tamen
747 4199 787 4260 ad
817 4199 979 4261 tuendum
1003 4183 1294 4272 duodenariorum
1319 4197 1467 4259 nonnihil

239 4307 560 4387 dissimilem'Vesp.
588 4314 660 4373 196.
685 4312 790 4374 Hodie
813 4313 1014 4373 Elmsleiana
1037 4314 1238 4374 correctione
1260 4312 1442 4385 acquiesco.

239 4632 295 4692 VS.
323 4631 419 4691 1307.
550 4629 626 4691 ιιοόιι
648 4625 711 4690 too’
738 4629 819 4702 ὅπως
842 4629 886 4690 οὐ
910 4629 1080 4711 τήμερον

551 4743 721 4821 λήψεταί
741 4766 768 4803 τι
790 4738 911 4824 πρᾶγμ’,
933 4739 949 4803 ό
973 4753 1080 4805 τοῦτον

551 4857 669 4934 ποιήσει
692 4856 744 4917 τὸν
768 4854 914 4935 σοφιστὴν
936 4877 962 4905 υ
978 4891 1017 4902 -
1112 4888 1114 4891 ·

552 4991 578 5019 υ
602 4962 644 5030 ὧν
668 4975 851 5051 πανουργεῖν
874 4965 973 5050 ἤρξατ’
1000 4969 1044 5043 ἐξ·
1113 5030 1117 5036 ,

553 5082 665 5162 αίφνης
688 5105 722 5144 τι
744 5082 868 5148 ιιαιιλὸν
891 5085 1041 5163 λαβεῖν.
