3867 6450
1086 1034 1167 1115 '118

517 1248 574 1308 Vs.
599 1248 675 1308 696.
743 1245 870 1306 Ibidem
898 1261 929 1320 p.
953 1245 1018 1306 622
1050 1243 1179 1304 defendi
1202 1241 1333 1303 τιίλεθον
1357 1247 1473 1304 contra
1495 1243 1650 1304 Meinekii
1678 1259 1756 1304 con·

518 1362 680 1422 iacturam
702 1358 832 1437 βίλεκον.

519 1601 575 1664 Vs.
600 1601 676 1662 606.
745 1599 872 1660 Ibidem
901 1614 959 1673 pro
987 1596 1124 1674 χλαίνας,
1154 1597 1228 1658 coll.
1252 1613 1302 1657 vs.
1328 1598 1404 1672 840,
1434 1597 1607 1657 tentabam
1630 1597 1757 1673 κλίνας,

519 1714 639 1774 Mnem.
662 1712 772 1772 XXIV
794 1728 824 1787 p.
849 1713 914 1772 305
938 1725 1017 1772 vero
1040 1713 1146 1780 καλᾶς.
1169 1710 1309 1771 Frustra
1330 1712 1523 1785 utrumque,
1547 1711 1585 1769 ut
1607 1711 1755 1784 apparet

519 1841 536 1886 e
560 1827 659 1902 Vesp.
683 1827 749 1886 676
771 1841 835 1906 vq.,
858 1840 956 1898 quem
981 1824 1091 1884 locum
1114 1822 1272 1884 obmovet
1293 1823 1490 1883 vLeeuwen.

518 2077 574 2138 Vs.
599 2079 675 2138 622.
748 2074 840 2135 <τὸ>
866 2083 1004 2135 τοιοῦτον
1026 2075 1156 2148 requiro
1176 2089 1251 2134 cum
1271 2075 1481 2150 Leeuuento,
1503 2075 1558 2146 qui
1577 2075 1750 2136 violentis·

518 2193 640 2253 simam
672 2194 721 2262 (ut
749 2191 820 2265 ipse
851 2190 1011 2258 concedit)
1043 2191 1077 2249 et
1102 2203 1237 2264 prorsus
1260 2189 1413 2249 inutilem
1438 2190 1662 2250 coniecturam
1688 2198 1751 2248 τῶν

517 2304 661 2365 τοιούτων
684 2299 791 2374 ἄφεσίς
815 2318 862 2361 σοι
883 2303 1005 2363 melius
1029 2303 1233 2363 reticuisset.

519 2554 575 2614 Vs.
600 2554 675 2615 627.
744 2550 892 2612 tricolor
922 2552 1189 2629 δημοσίοισιν.
1221 2552 1255 2611 Si
1286 2568 1370 2613 sana
1398 2560 1450 2614 est
1480 2554 1562 2614 baec
1583 2553 1748 2614 librorum

517 2668 630 2742 lectio,
661 2668 852 2742 Praxagora
874 2667 942 2728 iam
964 2683 1053 2728 nunc
1074 2669 1187 2728 mente
1207 2668 1326 2744 agitat,
1347 2683 1431 2742 quae
1449 2682 1530 2728 mox
1548 2667 1750 2728 institutura

517 2784 570 2842 ost
593 2797 740 2855 quaeque
768 2782 936 2856 expectari
963 2780 1005 2840 ab
1032 2780 1237 2842 auditoribus
1256 2783 1422 2857 poterant,
1447 2781 1585 2854 syssitia
1603 2781 1746 2854 publica.

518 2894 565 2955 cf.
585 2895 673 2956 infra
693 2911 742 2955 vs.
763 2896 827 2957 676
848 2901 880 2954 et
900 2896 964 2955 693
979 2910 1049 2968 sqq.
1073 2894 1156 2954 Utut
1184 2895 1247 2969 est,
1273 2910 1339 2954 non
1354 2895 1531 2968 persuadet
1543 2894 1626 2954 mihi
1638 2895 1748 2954 editor

521 3008 559 3068 de
590 3023 651 3069 suo
681 3008 888 3068 substituens
919 3007 1195 3084 δωματίοισιν,
1225 3010 1343 3083 quippe
1374 3008 1492 3081 quibus
1521 3007 1609 3067 baud
1635 3008 1749 3067 facilis

518 3120 637 3181 fuisset
660 3121 795 3181 cuilibet
817 3121 958 3181 amatori
982 3122 1137 3182 accessio.

519 3361 574 3421 Vs.
599 3361 674 3422 663.
743 3359 790 3419 De
809 3359 952 3439 φρασάτω
969 3375 1058 3421 nune
1078 3360 1172 3421 video
1194 3375 1248 3420 me
1261 3375 1390 3421 errasse
1403 3361 1494 3421 Stud.
1508 3360 1581 3420 erit.
1594 3377 1625 3435 p.
1638 3362 1680 3420 72
1694 3376 1744 3435 sq.

517 3602 573 3696 Vs.
598 3602 673 3662 678.
728 3577 857 3661 Herm.
873 3601 895 3661 l.
908 3601 930 3661 l.
947 3599 1153 3674 corrigebam
1165 3604 1343 3659 καταθεῖναι
1354 3614 1412 3674 pro
1424 3598 1595 3677 καταθήσω.
1608 3601 1746 3675 Recepit

518 3716 712 3775 vLeeuwan.

516 3941 572 4002 VS.
598 3940 673 4001 688.
1099 3938 1156 4023 ὅτῳ
1180 3935 1218 3997 dv
1243 3936 1275 3998 bt
1298 3938 1331 3999 τὸ
1353 3940 1474 4018 γράμμα

805 4048 1022 4136 ὴ’ξελκυσθῇ,
1044 4047 1113 4112 καθ’
1139 4048 1156 4112 ὃ
1179 4052 1348 4131 deturbem

1050 4168 1134 4228 vio.
1154 4166 1279 4237 τούτους
1303 4165 1452 4226 ἀπελῶσιν
1474 4165 1663 4239 ἅτίαντας.

558 4282 630 4343 Non
647 4296 768 4354 sequar
784 4280 947 4341 editorem
963 4281 1179 4355 recipientem
1195 4284 1308 4356 aptam
1321 4282 1468 4355 quidem,
1489 4281 1548 4342 sed
1560 4281 1742 4342 violentam

515 4399 549 4456 et
587 4409 722 4470 prorsus
763 4409 1048 4469 supervacaneam
1091 4394 1258 4469 Blaydesii
1300 4396 1526 4475 coniecturam
1570 4390 1742 4465 ἀδείανονς.

513 4509 674 4585 Depulsos
704 4524 806 4570 coena
834 4510 982 4570 caruisse
1012 4508 1100 4569 ultro
1130 4509 1215 4569 satis
1246 4511 1393 4585 apparet,
1419 4509 1543 4584 optime
1566 4524 1645 4569 vero
1671 4523 1741 4584 pro-

513 4622 640 4683 nomini
664 4618 743 4692 ὅστις
766 4622 943 4696 respondet
965 4620 1110 4691 ἅπαντας.

513 4863 569 4924 Vs.
594 4864 670 4924 697.
739 4861 785 4921 De
808 4861 916 4922 forma
938 4858 1041 4921 ἅναθε
1064 4876 1123 4936 pro
1145 4858 1269 4921 ίίναθτν
1294 4860 1333 4922 cf.
1358 4862 1474 4921 Herm.
1498 4861 1519 4921 l.
1539 4861 1560 4920 l.
1621 4890 1624 4895 ·

511 5101 567 5162 Vs.
593 5102 669 5162 710.
737 5100 878 5161 Tentavi
899 5100 997 5161 Anal.
1024 5101 1095 5161 crit.
1119 5117 1149 5175 p.
1175 5101 1228 5161 64.
