3867 6450
852 1057 890 1113 15

253 1238 312 1297 Vs.
341 1240 435 1299 1124.
504 1240 567 1300 Pro
596 1238 785 1319 γοργόνωτον
815 1242 938 1302 conieci
965 1240 1160 1322 γοργόνωιοον
1187 1243 1246 1303 Ex.
1271 1242 1349 1303 Orit.
1377 1243 1482 1304 Praef.

252 1367 285 1425 p.
311 1352 382 1412 VII.
407 1350 453 1411 Gt.
478 1352 551 1413 llur.
576 1354 623 1414 lli.
652 1355 735 1415 1257
762 1357 795 1415 et
818 1356 1007 1416 Leeuwenii
1031 1359 1120 1417 nota.

252 1541 311 1601 Vs.
339 1542 435 1602 1142.
503 1544 580 1603 Post
612 1543 643 1603 h.
669 1560 717 1606 vs.
750 1544 871 1605 ibidem
899 1546 1087 1620 suspicatus
1110 1561 1184 1606 sum
1210 1547 1373 1607 excidisse
1398 1548 1485 1607 hunc

253 1655 444 1715 senarium:
476 1656 582 1727 σίζει.
613 1656 759 1736 βαβαιάξ,
782 1657 1010 1736 συμποτικὰ
1033 1657 1068 1718 τὰ
1090 1658 1264 1739 πράγματα,
1287 1676 1387 1734 quam
1411 1676 1483 1722 con·

252 1770 418 1829 iecturam
442 1785 518 1831 cum
542 1771 616 1831 aliie
639 1771 755 1832 mullis
778 1775 927 1839 recenset
950 1774 1055 1834 editor
1078 1774 1258 1835 Leidensis.

252 1960 312 2021 Vs.
338 1961 434 2022 1150.
523 1961 695 2041 Ἀντίμαχον
718 1962 769 2023 τὸν
797 1963 957 2041 Ψοκολδος,
979 1962 1061 2033 Ττὸν
1085 1965 1243 2045 ξυγγραφῆ
1264 1966 1353 2034 ‘fraiv
1373 1962 1484 2041 μελέων

1258 2078 1397 2157 ποιητήν,

524 2188 564 2263 ὡς
588 2186 642 2268 μέν
665 2187 748 2274 ἁπλῷ
771 2190 850 2277 λόγῳ
874 2200 973 2262 κακῶς
997 2189 1155 2264 ἐξολέσειεν
1180 2188 1196 2253 ὁ
1221 2192 1311 2267 zade,

527 2305 559 2378 ὅς
578 2302 600 2386 μ’
622 2302 672 2382 ἐμὲ
688 2304 740 2365 τὸν
755 2306 888 2384 τλήμονα
907 2315 1044 2385 χορηγῶν
1067 2304 1277 2367 ἀπέκλεισε
1301 2307 1484 2367 δείπνων.

301 2422 408 2481 Locus
441 2420 678 2481 conclamatus.
717 2420 927 2481 Nouissimas
966 2420 1072 2482 editor
1101 2421 1308 2495 ingeniosam
1338 2422 1487 2482 lllmsleii

252 2536 480 2598 coniecturam
504 2533 585 2599 <civ
604 2531 738 2612 μέλεον)
753 2543 812 2594 τῶν
835 2532 945 2611 μελέων
965 2534 1093 2613 ποιητήν
1113 2536 1293 2613 improbat,
1314 2541 1486 2611 propterea

253 2649 342 2723 quod
374 2665 415 2710 ex
445 2649 551 2724 ipsius
581 2649 748 2710 sententia
777 2664 843 2709 non
873 2649 974 2710 fuerit
999 2652 1112 2726 poeta,
1136 2651 1208 2726 ipse
1231 2652 1343 2710 autem
1367 2664 1484 2725 parum

253 2762 471 2839 probabiliter
500 2763 601 2823 verba
631 2760 683 2822 τὸν
713 2796 755 2805 -
786 2762 915 2839 ποιητήν
946 2779 964 2824 e
995 2764 1211 2838 glossematis
1241 2764 1384 2825 conflata
1413 2778 1486 2823 esse

254 2876 441 2937 existimat.
473 2876 532 2937 (lui
554 2876 650 2937 facile
673 2876 806 2950 quidem
829 2876 951 2951 largior
974 2876 1102 2937 nullam
1126 2877 1261 2936 omniuo
1284 2876 1485 2937 scholiorum

255 2991 300 3051 ad
330 2990 361 3051 h.
385 2991 407 3051 l.
431 3005 505 3051 esse
528 2991 774 3067 auctoritatem,
801 2992 951 3050 attamen
975 2990 1058 3049 nihil
1082 2990 1215 3050 absurdi
1238 2989 1338 3051 habet
1361 2967 1489 3066 opinio.

256 3118 358 3177 quam
383 3104 455 3178 ipsa
477 3106 593 3179 poetae
617 3104 717 3165 verba
739 3112 798 3163 τῶν
821 3100 931 3180 μελέων
954 3101 1084 3180 ποιητήν
1106 3105 1283 3179 testantur,
1308 3104 1486 3179 choragum

255 3219 376 3295 istum,
410 3218 502 3278 cuius
533 3217 674 3280 avaritia
704 3218 735 3278 h.
760 3217 781 3278 l.
813 3218 1014 3294 exagitatur,
1047 3217 1147 3278 simul
1182 3218 1286 3279 fuisse
1319 3220 1485 3294 poetam

255 3331 474 3407 melicum,
499 3331 592 3392 cuius
615 3332 704 3393 mala
722 3334 878 3407 poemata
897 3348 961 3392 una
981 3333 1162 3406 eademque
1183 3348 1281 3408 opera
1299 3333 1339 3393 ab
1359 3333 1484 3393 Aristo·

256 3445 368 3521 phane
395 3445 723 3520 (dithyrambicorum
747 3446 892 3516 irrisore)
917 3448 1026 3506 notari
1046 3462 1121 3506 cum
1139 3446 1307 3520 Elmsleyo
1326 3447 1487 3521 suspicer.

257 3558 322 3620 Sed
352 3558 520 3633 glossema
550 3575 622 3621 esse
651 3557 703 3619 τὸν
734 3559 891 3639 ξυγγραφῆ
915 3575 1032 3634 parum
1056 3560 1225 3634 probabile
1247 3560 1330 3620 mihi
1353 3560 1485 3634 quidem

255 3673 388 3733 videtur
407 3674 440 3733 et
454 3674 563 3748 potius
581 3674 672 3734 facili
690 3674 815 3735 librarii
839 3689 948 3735 errore
967 3674 1000 3733 in
1020 3677 1153 3735 textum
1173 3674 1306 3736 venisse
1326 3674 1485 3748 suspicor.

304 3787 429 3862 Nempe
452 3787 670 3848 correxerim:

257 3899 432 3978 Ἀντίμαχον
455 3899 507 3960 τὸν
534 3899 692 3977 Ψαιιάιλος,
721 3899 924 3981 ξυρραφὲοι
947 3909 1020 3960 τῶν
1043 3899 1190 3978 μελέων
1214 3900 1401 3978 ποιητήν,
1428 3898 1484 3961 urb.

256 4016 280 4076 i.
306 4029 335 4074 e.
359 4015 755 4076 consarcinatorem
787 4031 923 4077 suorum
948 4016 1180 4076 carminum
1204 4018 1389 4091 poetam,
1414 4017 1485 4076 sive
1600 4095 1603 4099 ¹

256 4128 366 4189 solam
395 4128 577 4202 pessimam
599 4129 785 4189 carminum
809 4130 1084 4204 compositionem
1108 4130 1348 4204 Aristophanes
1370 4131 1486 4190 notare

257 4240 381 4317 voluit,
407 4242 478 4303 sive
501 4241 601 4317 plagii
624 4243 724 4303 simul
748 4244 864 4304 subest
885 4244 1102 4304 insimulatio.

305 4356 398 4416 Nova
416 4356 549 4428 quidem
567 4358 619 4417 est
636 4372 700 4417 vox
719 4356 945 4435 ξ(σ)υρραφεύς,
963 4356 1022 4416 sed
1045 4358 1171 4431 optime
1187 4357 1331 4417 formata
1347 4372 1367 4417 a
1386 4357 1485 4418 verbo

258 4469 451 4549 συρράπτειν.
479 4470 525 4531 De
556 4470 684 4531 ultimis
716 4471 825 4530 verbis
854 4463 1008 4530 ἀπέκλεισε
1038 4468 1169 4530 δείπνων
1201 4470 1265 4530 vid.
1297 4470 1486 4531 Leeuwenii

259 4586 387 4645 notam.

259 4772 319 4832 Vs.
347 4772 442 4832 1181.
527 4769 578 4830 ιιολ
601 4766 724 4852 Γοργόν’
751 4770 955 4851 ἐξήγειρεν
980 4769 1012 4830 ἐκ
1036 4780 1087 4849 τῆς
1111 4768 1246 4842 ἀσπίδος.

305 4885 491 4946 Leeuwenii
504 4887 727 4950 coniecturam
740 4881 881 4958 έξέσεισεν
894 4885 1089 4961 impugnavi
1101 4883 1326 4946 Mnem.XXX
1337 4899 1368 4958 p.
1381 4885 1423 4943 39
1436 4901 1484 4958 sq.

222 5013 225 5018 ·
258 4998 420 5073 Equidem
439 5014 505 5058 nou
521 4999 634 5060 dubito
651 5000 728 5072 quin
745 5002 832 5060 recte
848 4999 928 5060 olim
946 4998 1072 5059 Dobree
1087 4999 1174 5059 hunc
1187 5013 1247 5074 vs,
1260 4999 1298 5057 ut
1309 4998 1485 5071 repetitum

261 5129 279 5174 e
305 5128 355 5172 vs.
379 5113 453 5189 547,
479 5113 685 5187 expunxerit.
