3867 6450
1075 1030 1118 1089 42

529 1214 696 1277 Ultimum
728 1216 929 1278 versiculum
965 1218 1060 1278 curat
1091 1215 1251 1277 facillima
1284 1214 1467 1275 Hermanni
1499 1212 1720 1288 transpositio

484 1327 578 1387 κακὸν
607 1329 710 1407 λαβεῖν
740 1351 779 1405 τι,
809 1345 870 1391 neo
899 1344 1037 1405 possum
1062 1329 1172 1391 iacere
1191 1344 1267 1389 cum
1291 1329 1486 1389 Leeuwenio
1508 1327 1591 1387 haec
1612 1325 1721 1386 verba

484 1442 580 1516 gravi
610 1443 759 1505 laborare
790 1444 976 1522 corruptela
1005 1445 1230 1505 existimante.
1260 1443 1382 1504 Contra
1405 1458 1479 1504 cum
1504 1409 1578 1503 aliis
1600 1442 1719 1516 depra-

486 1557 600 1617 vatum
635 1561 727 1635 puto,
764 1560 848 1633 quod
885 1559 913 1619 is
947 1572 1067 1618 sanum
1103 1558 1205 1633 ducit,
1241 1557 1367 1633 λήψεται
1402 1558 1505 1618 etiam
1539 1558 1721 1632 propterea

485 1670 569 1741 quod
593 1686 613 1731 a
635 1673 740 1733 nostri
764 1673 929 1748 elegantia
952 1671 1097 1732 alienum
1119 1674 1198 1747 puto
1221 1669 1348 1747 λήψεται
1369 1704 1409 1715 -
1434 1666 1576 1731 ὃτονιον
1594 1669 1720 1746 ποιήσει

485 1781 536 1843 τὸν
560 1783 706 1861 σοφιστὴν
729 1801 787 1861 pro
810 1784 936 1860 λήψεται
961 1776 1049 1855 οὗτος
1073 1780 1089 1844 ὁ
1113 1781 1258 1860 σοφιστὴς
1281 1778 1297 1843 ὃ
1320 1783 1439 1860 ποιήσει
1461 1782 1555 1845 αὐτὸν
1578 1781 1635 1843 κτέ.

529 1897 606 1957 Erat
630 1914 706 1959 cum
729 1912 857 1959 memor
877 1898 946 1959 noti
969 1913 1052 1959 usus
1070 1897 1163 1958 verbi
1182 1896 1331 1976 ρηγνύναι
1351 1895 1546 1975 (ῥήγνυσθαι)
1564 1897 1604 1957 de
1623 1896 1719 1956 malo

486 2010 596 2071 subito
618 2012 764 2074 irruente
787 2027 846 2073 ceu
870 2012 1014 2087 procella
1037 2012 1087 2081 (de
1110 2026 1174 2086 qna
1196 2012 1326 2087 proprie
1350 2014 1537 2087 usurpatur)
1561 2012 1720 2085 putarem

487 2124 605 2199 corrigi
635 2140 732 2199 posse
762 2123 893 2205 λήξεται,
923 2124 981 2185 sed
1012 2139 1092 2185 mox
1122 2123 1171 2184 ita
1200 2122 1282 2202 ῥήξει
1315 2126 1373 2184 aut
1403 2122 1562 2203 ῥαγήσεται
1592 2122 1720 2197 requiri

486 2240 578 2299 ratus
604 2239 691 2299 hanc
713 2238 935 2314 suspicionem
966 2237 1146 2313 repudiavi.
1176 2213 1252 2297 Non¹
1281 2237 1392 2297 minus
1414 2252 1493 2297 vero
1523 2238 1641 2310 aptum
1667 2238 1722 2295 est

486 2345 602 2426 ἕψεται,
626 2352 673 2411 ita
694 2354 808 2412 tamen
835 2355 870 2411 ut
894 2352 994 2412 metri
1017 2366 1117 2412 causa
1139 2352 1385 2425 transponatur.
1410 2351 1578 2410 Lacunam
1601 2351 1718 2410 autem

487 2478 568 2523 usus
597 2464 735 2525 lectione
763 2465 895 2526 codicis·
910 2468 937 2523 Δ
965 2458 1034 2523 ἀνθ’
1069 2455 1112 2523 ὧν
1143 2465 1348 2539 expleverim
1378 2463 1549 2525 scribendo
1579 2457 1614 2521 ἔτ’
1642 2456 1717 2520 ἀνθ’

487 2573 575 2635 ὅταν.
598 2575 812 2639 scribendum
835 2577 936 2653 igitur
958 2577 1123 2653 suspicor:

797 2690 874 2752 τιούκ
896 2686 959 2751 ἔσθ’
987 2690 1067 2764 ὅπως
1099 2691 1168 2770 οὐχ
1199 2688 1337 2768 ἕψεται

798 2804 964 2886 τήμερόν
988 2829 1014 2865 τι
1037 2800 1157 2885 πρᾶγμ’,
1179 2800 1195 2865 ὃ
1219 2814 1327 2866 τοῦτον

796 2920 915 3000 ποιήσει
938 2919 990 2981 τὸν
1013 2918 1161 2997 σοφιστὴν
1187 2915 1252 2984 (ἔτ’
1278 2915 1347 2980 ἀνθ’

799 3033 906 3099 domu>
934 3038 1127 3115 πανουργεῖν
1141 3029 1239 3113 ἤρξατ’
1265 3031 1310 3106 έξ-

798 3147 911 3226 αίφνης
934 3146 1061 3207 κακὸν
1086 3147 1226 3226 λαβεῖν
1249 3169 1290 3205 τι.

488 3267 593 3328 Aliter
616 3267 694 3328 huic
716 3267 787 3328 loco
811 3266 988 3327 subvenire
1012 3268 1150 3326 conatus
1169 3280 1242 3326 sum
1269 3265 1387 3325 linem.
1412 3236 1520 3324 XXIV
1543 3281 1573 3339 p.
1598 3265 1677 3323 302.

489 3473 544 3555 vs.
573 3496 668 3554 1310.
738 3493 783 3554 cf.
809 3495 927 3554 unam.
953 3493 1032 3552 xix
1055 3510 1085 3568 p.
1111 3494 1186 3553 394.

488 3722 544 3783 VS.
572 3725 667 3784 1338.
757 3725 880 3799 StrepS.
906 3720 1090 3798 ἐδιδαξάμην
1114 3719 1214 3798 μέντοι
1237 3737 1283 3798 σε,
1305 3718 1344 3797 νὴ
1369 3716 1433 3797 Δί’,
1455 3712 1478 3780 ὦ
1502 3717 1604 3797 μέλε,

755 3841 849 3896 ταῖσιν
877 3835 1004 3906 δικαίοις
1027 3832 1201 3913 ἀντιλέγειν,
1224 3835 1250 3894 ελ
1271 3831 1393 3913 τανταγλ

756 3947 868 4027 μέλλεις
892 3943 917 4026 μ’
944 3945 1128 4025 ἀναπείσειν,
1151 3938 1190 4019 ὡς
1214 3947 1333 4008 δίκαιον
1356 3944 1407 4006 καὶ
1429 3944 1522 4006 καλὸν

755 4063 807 4123 τὸν
829 4061 942 4142 πατέρα
964 4057 1102 4124 τύπτεσθ’
1130 4061 1209 4122 έστλν
1232 4061 1292 4122 ὑπὸ
1315 4071 1374 4121 τῶν
1398 4060 1497 4122 υἱέων.

533 4179 604 4240 Non
639 4178 723 4238 satis
757 4179 847 4238 recte
881 4178 963 4238 haec
993 4178 1081 4239 dicta
1115 4179 1208 4253 sunt,
1242 4177 1331 4252 quia,
1367 4176 1501 4236 etiamsi
1534 4174 1622 4234 filius
1657 4174 1722 4234 hoc
1840 4250 1841 4263 ¹

489 4293 576 4368 patri
599 4292 803 4366 persuadere
834 4293 1015 4352 conaturus
1044 4306 1110 4350 non
1141 4293 1243 4366 esset,
1275 4293 1388 4350 tamen
1412 4289 1618 4363 Strepsiades
1641 4302 1721 4347 eum
1840 4270 1841 4277 ἵ

489 4406 615 4466 Socrati
639 4406 822 4466 docendum
847 4405 1040 4465 tradiderat.
1063 4405 1163 4464 Deest
1182 4404 1283 4478 igitur
1302 4402 1392 4463 notio
1411 4402 1611 4476 necessaria,
1632 4402 1723 4460 unde
1840 4430 1841 4501 γ

489 4522 647 4596 appareat
680 4519 909 4594 Phidippidem
950 4533 992 4579 ex
1031 4534 1071 4578 ea
1109 4517 1281 4592 disciplina
1319 4517 1508 4591 proiecisse.
1554 4514 1722 4574 Nimirum
1840 4514 1841 4581 l

490 4649 565 4694 curn
589 4634 706 4693 acerba
729 4633 835 4692 ironia
858 4634 952 4706 pater
976 4633 1081 4692 dicere
1106 4631 1352 4691 existimandus
1375 4632 1442 4690 est:

1086 4778 1125 4788 -
1150 4743 1189 4820 νὴ
1214 4740 1279 4821 Δί’,
1302 4736 1324 4802 ὦ
1348 4738 1439 4820 μέλ’,
1462 4733 1502 4802 εὖ
1527 4740 1583 4802 κτέ.

491 4861 592 4920 Bene
615 4874 861 4936 sanequam,
888 4859 939 4918 mi
964 4859 1082 4934 bone,
1108 4858 1339 4918 docendum
1360 4860 1398 4917 te
1418 4857 1566 4917 curavi
1585 4856 1721 4915 iustis

491 4973 678 5049 obloqui,
712 4973 748 5033 si
780 4974 842 5032 etc.
868 4971 974 5032 Verbo
1001 4972 1069 5031 iam
1092 4970 1154 5031 hoc
1177 4971 1333 5046 proposui
1355 4971 1388 5030 in
1415 4970 1539 5031 Studiis
1561 4969 1722 5043 Thucydi·

491 5086 575 5162 deis,
600 5086 659 5146 sed
682 5086 851 5158 hucusque
874 5098 973 5146 nemo
997 5084 1135 5145 audivit.
