3867 6450
1055 1052 1098 1111 90

394 1284 398 1292 .
466 1237 521 1298 Vs.
546 1239 622 1299 301.
704 1201 755 1298 ⁸1'0’
779 1231 854 1322 ᾗπερ
877 1235 960 1317 ἔρχει.

509 1350 599 1413 Haeo
629 1352 730 1414 verba
757 1353 828 1414 iuro
857 1351 1018 1413 Richards
1048 1367 1123 1412 oum
1153 1351 1246 1412 libris
1276 1352 1444 1413 Xanthiae
1470 1353 1642 1428 vindicat,
1684 1357 1728 1413 ut

465 1465 553 1527 diota
575 1466 643 1528 sint
665 1467 706 1528 ad
729 1467 924 1543 nmpuoam,
948 1466 1022 1528 coll.
1047 1466 1185 1540 Lysistr.
1210 1466 1286 1527 823.

466 1667 522 1729 Vs.
547 1670 622 1730 311.
691 1671 888 1746 Suspectum
911 1670 1015 1730 habeo
1039 1684 1114 1730 oum
1137 1668 1329 1744 Blaydesio,
1352 1673 1389 1731 ut
1408 1669 1496 1730 male
1514 1669 1724 1744 repetitum

466 1796 484 1842 s
507 1797 556 1842 vs.
584 1783 657 1845 100.
680 1783 777 1845 Iocus
798 1783 919 1844 saltem
943 1786 996 1844 est
1018 1783 1265 1859 frigidissimus.

465 1985 522 2046 Vs.
546 1987 622 2047 323.
704 1981 806 2064 Ἴακχ’,
836 1978 860 2046 ὦ
888 1985 1176 2064 πολυτιμήτους
1207 1982 1245 2044 ἐν
1275 1981 1376 2063 ἕδραις
1407 1981 1520 2045 ἐνθάδε
1542 1984 1667 2045 ναίων.

509 2098 609 2159 Recte
640 2099 822 2161 Hermanni
852 2101 1059 2162 coniecturae
1089 2100 1246 2161 metricae
1276 2098 1450 2178 πολυτίμοις
1480 2100 1719 2178 adversatuS,

467 2211 649 2274 vLeeuwen
679 2213 767 2275 iusto
797 2213 955 2275 audac-ius
984 2215 1024 2276 de
1054 2230 1114 2276 suo
1140 2214 1286 2289 reposuit
1312 2215 1512 2292 πολυύμνοις,
1535 2215 1720 2279 dubitans

465 2325 578 2386 tamen
613 2340 656 2385 an
691 2325 797 2388 deleto
832 2324 877 2403 io,
910 2327 997 2400 quod
1031 2326 1127 2402 pauci
1156 2326 1231 2386 libri
1265 2326 1441 2403 omittunt,
1472 2327 1718 2404 πολυτιμήτους

465 2432 554 2514 ἕδρας
587 2439 636 2508 (ut
669 2452 749 2498 sane
782 2438 880 2499 scribi
914 2439 1032 2514 potuit)
1067 2438 1112 2499 sit
1146 2439 1288 2514 genuina
1322 2438 1430 2500 lectio.
1477 2440 1539 2500 Sed
1575 2443 1717 2514 quidni

465 2551 615 2625 proxime
638 2552 678 2612 ab
702 2553 902 2627 optimorum
924 2553 1081 2614 librorum
1106 2553 1282 2613 traditione
1304 2552 1503 2613 scribamus:

725 2660 827 2744 Ἴακχ’,
853 2657 876 2724 δ)
901 2660 931 2724 ’ν
954 2664 1242 2742 πολυτιμήτοις
1270 2661 1406 2744 ἕδραις
1430 2662 1542 2725 ἐνθάδε
1564 2665 1714 2728 ναίων]

466 2868 522 2929 Vs.
546 2871 621 2932 332.
691 2872 786 2932 Anal.
822 2871 894 2932 orit.
929 2887 960 2946 p.
997 2870 1038 2931 52
1078 2869 1208 2931 restitui
1243 2867 1468 2946 φιλοποίομονυ
1504 2873 1571 2945 (pro
1607 2874 1711 2944 φιλο-

465 2982 643 3062 παίγμονα),
665 2986 750 3058 quod
773 2986 898 3061 recepit
920 2985 1116 3045 vLoeuwen.

467 3184 522 3245 Vs,
546 3184 733 3245 842-352.
802 3183 863 3245 viu
887 3185 1007 3246 Mnem.
1031 3182 1140 3244 XXIV
1163 3200 1193 3259 p.
1218 3184 1282 3245 283
1307 3199 1355 3259 sq.

465 3376 522 3436 Vs.
547 3376 622 3437 347.
691 3374 762 3436 Vid.
787 3376 907 3437 Mnem.
932 3375 962 3434 X
985 3391 1016 3450 p.
1048 3376 1088 3435 14
1112 3378 1146 3436 et
1168 3374 1264 3436 XXX
1287 3392 1317 3451 p.
1343 3377 1396 3449 51.

466 3578 521 3639 Vs.
547 3579 622 3639 359.
691 3578 804 3639 Herm.
835 3577 890 3639 1.1.
922 3594 952 3653 p.
986 3578 1049 3638 627
1082 3593 1130 3652 sq.
1159 3580 1193 3639 et
1215 3579 1335 3639 Mnem.
1361 3578 1392 3637 X
1415 3593 1445 3652 p.
1471 3580 1513 3638 34
1537 3580 1701 3654 proposui

466 3689 506 3769 μὴ
537 3691 648 3770 χαίρων
677 3689 788 3771 χρηστὰ
817 3699 959 3751 ποιοῦσιν
986 3707 1045 3767 pro
1072 3688 1112 3769 μὴ
1132 3686 1163 3751 ὐ
1186 3691 1280 3775 καίρῳ
1303 3699 1389 3752 τοῦτο
1412 3700 1569 3768 ποιοῦσιν,
1591 3706 1698 3765 quam

466 3806 689 3866 uouieoturam
712 3806 747 3865 in
770 3808 902 3866 textum
926 3820 1026 3866 suum
1049 3806 1173 3880 recepit
1195 3806 1391 3867 vLeeuwen.

467 4008 523 4069 Vs.
548 4009 623 4069 361.
693 4008 811 4068 Mnem.
843 4007 875 4067 X
904 4023 934 4082 p.
968 4009 1010 4070 85
1041 4008 1214 4070 tentabam
1244 4008 1486 4089 τυτυδτομοδοιεῑ
1511 4030 1575 4079 τις.
1598 4008 1699 4069 Nunc

467 4145 500 4181 τι
522 4122 610 4182 malo
634 4138 708 4183 eum
728 4123 934 4184 Leouwenio.

467 4308 523 4368 VS.
548 4310 623 4371 869.
711 4310 828 4382 τούτοις
851 4308 1014 4371 ἀπαυδῶ
1043 4302 1156 4382 καῦθις
1187 4307 1349 4373 ἀπαυδῶ
1383 4301 1496 4382 καῦθις
1530 4309 1562 4370 τὸ
1593 4310 1694 4388 τρίτον

1341 4419 1404 4500 μάλ’
1430 4421 1601 4485 ἀπαυδῶ.

511 4536 665 4613 Blaydss,
701 4553 800 4611 quem
834 4539 984 4613 sequitur
1017 4540 1217 4624 vLoeuwen‚
1246 4542 1298 4600 ter
1327 4535 1454 4598 ἀπαυδῶ
1485 4538 1630 4599 mutavit
1657 4538 1693 4597 in

467 4649 639 4729 πρυδδῶ.
674 4650 792 4711 Lenior
825 4654 877 4712 est
910 4652 1095 4714 Richardsii
1129 4653 1318 4714 coniectura
1350 4652 1456 4727 primo
1490 4652 1562 4713 loco
1594 4649 1694 4726 υδδῶ,

468 4764 583 4826 deinde
613 4764 664 4825 bis
695 4762 849 4825 ἐπυυδῶ
879 4769 1080 4851 reponentis.
1110 4768 1222 4841 Neque
1251 4768 1388 4829 verbum
1420 4766 1564 4841 simplex
1586 4780 1692 4838 neque

467 4880 649 4954 composita
671 4878 817 4959 πρωύδᾶν
840 4883 872 4940 et
892 4878 1029 4939 ἐπουδᾶυ
1049 4881 1127 4941 alibi
1147 4882 1232 4956 apud
1255 4884 1407 4942 nostrum
1427 4882 1616 4956 occurrunt,
1637 4880 1692 4954 qui

468 4995 660 5053 constanter
679 4992 813 5053 adhibet
830 4990 986 5071 ἀγορεύειν
1003 5008 1078 5053 oum
1098 4996 1306 5069 compositis.
1332 4994 1389 5055 sed
1413 4994 1575 5055 sollemne
1595 4993 1690 5067 quod·

468 5106 544 5166 dam
566 5105 619 5166 hic
643 5106 742 5167 habet
764 5106 891 5181 tragica
913 5106 1023 5167 dictio.
