3867 6450
779 1054 821 1111 49

201 1250 244 1319 :cp
272 1238 371 1321 ἀρχῆς.
408 1242 459 1302 Ita
481 1242 570 1327 enim
600 1241 796 1307 mendosum
827 1241 931 1300 restat
961 1236 1181 1315 κάναφανήσει.
1212 1240 1317 1301 Hodie
1348 1257 1413 1302 non

201 1356 304 1415 dubito
329 1356 406 1428 quin
427 1354 518 1415 locus
542 1354 591 1415 sie
613 1352 658 1413 sit
680 1353 852 1413 lenissime
876 1350 1099 1427 refingendus:

348 1466 466 1540 πάντας
489 1466 546 1546 γάρ
570 1488 614 1526 τοι
637 1465 746 1525 καύσει
768 1461 853 1544 ποτέ,
875 1464 937 1525 κεί
962 1460 1201 1542 ’ναφανήσει

339 1579 482 1660 ,πρωκτὸς
512 1584 639 1659 λουτροῦ
673 1577 932 1659 περιγιγνόμενος,
959 1586 1011 1655 τῆς
1034 1575 1125 1657 ἀρχῆς
1148 1587 1200 1655 τῆς
1222 1577 1417 1659 περισέμνου,

201 1695 219 1755 i.
241 1710 266 1755 e.
290 1696 437 1769 utique
460 1694 584 1769 enim,
609 1692 785 1753 etiamsi
806 1691 1032 1768 apparebit
1051 1694 1091 1753 te
1111 1692 1301 1766 podicem
1322 1711 1416 1756 esse

203 1807 387 1868 balneum
418 1808 691 1883 superantem
729 1806 823 1876 (adeo
859 1820 1017 1881 spurcum
1046 1808 1084 1866 ut
1115 1806 1220 1866 lavari
1245 1811 1415 1885 nequeat),

202 1919 375 1980 sublime
406 1919 513 1979 illud
544 1918 771 1994 imperium
802 1918 1031 1993 aliquando
1061 1919 1248 1981 amittae.
1276 1921 1426 1982 Prorsus

202 2034 234 2091 ut
261 2032 354 2093 hodie
385 2032 556 2092 mundiore
586 2031 731 2106 imagine
761 2018 893 2092 utentes
923 2032 962 2092 de
992 2031 1139 2107 homine,
1172 2048 1270 2106 quem
1293 2034 1418 2094 frustra

203 2146 387 2205 convincere
429 2147 487 2205 aut
528 2147 658 2205 mutare
694 2159 866 2219 conamur,
903 2144 1061 2204 dicimus:
1100 2144 1194 2218 „den
1229 2147 1417 2207 moriaan

202 2258 449 2318 wasschen”.
472 2256 669 2331 Bdelycleon
683 2256 733 2318 sic
759 2257 897 2331 loquens
914 2257 1002 2332 patri
1020 2256 1099 2318 dicit
1117 2257 1317 2332 „etiamsi
1340 2274 1418 2320 non

203 2371 276 2431 tibi
298 2370 598 2445 persuadebo”.

202 2598 253 2659 Vs.
276 2601 351 2661 636.
419 2606 518 2669 κακῶς
545 2601 614 2672 (pro
639 2600 747 2668 καλῶς)
770 2594 826 2675 γὰρ
850 2594 945 2680 ᾔδειν,
967 2599 1052 2671 quod
1076 2599 1199 2659 conieci
1223 2600 1316 2661 Stud.
1342 2599 1420 2661 crit.

203 2727 230 2785 p.
254 2714 309 2789 57,
334 2712 436 2773 etiam
459 2711 555 2772 hodie
578 2709 806 2771 necessarium
829 2725 903 2771 esse
925 2709 1076 2771 arbitror.

204 2925 254 2986 Vs.
277 2927 352 2988 647.
421 2925 693 3001 supplementum
715 2938 830 2985 meum
849 2916 913 3001 μάλ’
935 2921 995 2983 ἐστι
1012 2934 1051 3005 τῷ
1072 2924 1196 2994 (Herm.
1217 2928 1238 2987 i.
1251 2927 1272 2989 l.
1293 2945 1323 3004 p.
1345 2929 1423 2997 6111

204 3042 320 3116 recepit
343 3040 483 3102 Starkie.

203 3267 254 3328 Vs.
278 3271 354 3330 663.
422 3267 540 3328 Veneti
555 3267 652 3327 lectio
665 3263 737 3342 ὑμῖν
748 3267 843 3327 unice
857 3281 935 3327 vera
947 3267 1031 3327 mihi
1043 3267 1184 3328 videtur.
1197 3267 1245 3329 cf.
1258 3269 1378 3328 Mnem.
1391 3267 1421 3326 X

204 3395 231 3454 p.
255 3382 307 3442 86.
331 3381 454 3443 Ibidem
479 3381 553 3440 vide
576 3381 616 3440 de
639 3379 747 3440 forma
768 3378 1002 3458 λαγαριζόμενον
1027 3395 1076 3440 vs.
1102 3382 1177 3442 672.
1220 3449 1224 3455 ,

203 3606 254 3666 Vs.
279 3609 355 3669 673.
424 3605 523 3668 Recte
553 3607 666 3667 haeret
689 3606 884 3666 vLeeuwen.
913 3607 984 3668 Non
1010 3606 1099 3667 male
1122 3607 1250 3667 amicus
1272 3621 1368 3667 meus
1390 3608 1424 3666 et

203 3734 369 3781 successor
391 3719 597 3779 Traiectinus
622 3718 647 3779 Ι.
675 3716 708 3779 0.
733 3715 896 3792 Vollgraff
917 3720 1056 3780 coniecit
1079 3715 1118 3789 ὡς
1141 3717 1294 3796 desporat
1315 3713 1342 3776 o‘
1377 3715 1423 3790 ὡς

203 3829 265 3890 τὸν
296 3836 364 3908 (pro
397 3830 448 3890 τὸν
476 3826 539 3908 μὲν)
564 3829 705 3909 σύρφακα
729 3829 788 3890 τὸν
805 3827 905 3907 ἄλλον,
927 3831 1015 3892 unde
1038 3831 1163 3907 optima
1185 3830 1332 3892 nascitur
1355 3846 1425 3891 sen·

202 3945 315 4006 tentia.
338 3945 412 4020 Ipse
435 3944 554 4005 Mnem.
579 3943 688 4004 XXIV
710 3960 740 4019 p.
762 3944 826 4005 673
848 3944 962 4005 eodem
981 3959 1085 4005 sensu
1103 3944 1210 4006 deleto
1231 3940 1284 4019 μὲν
1304 3945 1426 4005 conieci

205 4055 242 4128 ὥς
268 4051 358 4122 <o'>
384 4056 535 4134 ᾔσθηνται
562 4053 671 4120 <καὶ>
698 4055 750 4116 τὸν
773 4056 915 4135 σύρφακα
937 4034 999 4117 τὸν1
1013 4054 1114 4116 ἄλλον.
1321 4049 1325 4054 ’

205 4281 257 4344 Vs.
282 4284 359 4344 681.
427 4282 541 4343 Herm.
580 4283 602 4343 l.
623 4282 643 4342 l.
683 4298 714 4357 p.
747 4284 810 4342 611
844 4282 1088 4344 dubitabundus
1123 4282 1304 4343 suadebam
1335 4276 1423 4359 <μ’>

206 4393 385 4468 ἀποκναίεις.
1125 4389 1129 4395 ’

206 4622 257 4683 Vs.
283 4624 359 4707 771.
429 4623 585 4683 Desensu
595 4623 683 4683 vocis
695 4621 895 4700 μεσημβρινός
908 4621 1100 4682 consulatur
1112 4620 1279 4682 Willems:
1301 4624 1429 4683 Notes

206 4735 597 4811 supplementaires
627 4749 698 4795 sur
720 4735 783 4795 les
807 4734 970 4808 anepos
994 4735 1070 4794 etc.
1094 4749 1125 4808 p.
1151 4735 1193 4793 20
1218 4749 1288 4808 sqq.
1317 4734 1428 4795 -De

207 4863 251 4910 vs.
284 4850 350 4910 773
382 4864 431 4922 sq.
459 4847 499 4908 ci.
523 4848 626 4908 etiam
657 4847 776 4908 tinem.
808 4848 918 4907 XXIV
945 4865 977 4924 p.
1002 4849 1077 4907 296.
1101 4848 1187 4908 Item
1211 4848 1251 4908 de
1276 4863 1327 4908 vs.-
1352 4850 1428 4910 792.

207 5071 277 5133 Vss.
303 5074 384 5147 8053
409 5074 473 5134 847
482 5091 490 5146 ;
516 5074 595 5146 8573
621 5074 688 5164 708Ι
710 5089 758 5146 sq.
826 5073 908 5135 Vide
932 5073 1053 5134 Mnem.
1077 5073 1133 5132 l.l.

257 5187 281 5224 v.
295 5177 329 5221 Η.
1311 5173 1324 5214 4
