3867 6450
955 1037 960 1045 ’
1063 1020 1124 1077 116

481 1207 607 1267 seilicet
636 1203 721 1279 quod
750 1218 814 1263 non
846 1201 965 1263 babeat
996 1218 1059 1276 quo
1089 1203 1251 1264 referatur
1284 1209 1380 1261 τοῦτο.
1415 1202 1458 1262 At
1489 1201 1602 1275 quidni
1630 1200 1718 1260 refe·

482 1335 595 1380 ramus
619 1319 658 1379 ad
684 1317 783 1378 verba
801 1331 998 1392 praegressa
1022 1319 1086 1377 350
1109 1333 1158 1392 sq.
1183 1325 1240 1376 τοι
1261 1313 1293 1376 δέ
1313 1338 1364 1393 μοι
1379 1313 1471 1394 ἀχράς
1487 1338 1530 1386 τις
1548 1309 1714 1398 iynipoao’

482 1431 538 1510 ἔχει
560 1432 596 1491 τά
614 1431 699 1491 oni.
727 1431 816 1505 „Non
840 1430 949 1490 solum
973 1446 1027 1491 me
1051 1432 1172 1492 vexat'’
1200 1430 1306 1504 inquit
1327 1425 1512 1505 Blepyrus,'
1532 1445 1719 1506 „praesens

481 1547 547 1606 ista
570 1545 736 1620 molestia,
761 1544 819 1604 sed
842 1543 944 1604 etiam
967 1544 1153 1604 sollicitudo
1177 1544 1216 1604 de
1239 1543 1393 1604 lutaris.”
1542 1521 1547 1534 ’

482 1773 538 1833 Vs.
567 1772 643 1834 362.
712 1770 902 1832 clunem.
927 1770 967 1830 X.
992 1789 1022 1854 p.
1049 1771 1101 1831 83.

482 2001 538 2061 Vs.
563 1999 638 2060 384.
708 1997 937 2059 coniecturam
966 2012 1077 2057 meam
1108 1996 1148 2058 ed
1179 1997 1210 2057 h.
1241 2011 1291 2058 vs.
1325 1996 1425 2058 refert
1455 1997 1639 2058 vLeeuwen
1676 1998 1714 2056 in

371 2083 388 2091 Ἡ
482 2115 561 2173 nota
584 2111 698 2173 critica
721 2111 761 2172 ad
786 2126 834 2172 vs.
860 2112 939 2187 302,
965 2125 1062 2184 quem
1087 2125 1106 2171 a
1129 2108 1303 2180 sellatum
1328 2110 1468 2186 supplet.

481 2339 537 2400 VS.
562 2339 628 2398 409
652 2353 700 2412 sq.
770 2341 909 2416 παρῆλθε
932 2337 1060 2417 γυμνός,
1086 2334 1126 2410 ὡς
1150 2334 1245 2398 ἐδόκει
1268 2341 1330 2408 τοῖς
1353 2336 1495 2397 πλείοσιν·

773 2450 864 2523 αὐτός
888 2473 920 2531 γε
943 2449 1043 2528 μέντοι
1059 2449 1190 2528 ”φοισκεν
1213 2450 1331 2528 ίμολιιον
1354 2449 1439 2530 ἔχειν.

481 2565 608 2647 γυμνός,
643 2568 664 2627 i.
688 2581 715 2627 e.
752 2564 784 2625 iv
817 2575 931 2644 χιτῶνι,
970 2569 1006 2627 ut
1041 2565 1180 2641 passim.
1217 2566 1270 2626 Sic
1304 2566 1438 2627 nudus
1462 2589 1503 2613 =
1527 2566 1712 2626 tunicatus

481 2683 552 2742 iuv.
573 2682 678 2741 1171:
702 2681 818 2741 Nonus
842 2696 960 2755 agas:
990 2681 1129 2741 minue
1152 2682 1217 2740 est
1240 2679 1413 2741 insania
1434 2679 1574 2754 turpis
1596 2683 1712 2752 (quam

482 2796 511 2854 si
534 2795 605 2870 agis
628 2794 790 2855 multieiis
812 2795 972 2864 indutus).

482 3020 538 3080 Vs,
563 3020 640 3083 482.
708 3021 822 3081 Herm.
854 2989 962 3078 XXIV
992 3018 1051 3080 l.1.
1084 3019 1212 3079 correxi
1239 3015 1479 3098 ἀνεκορκόρυξοιν
1501 3034 1560 3094 pro
1583 3015 1712 3097 ἀνεβορ-

482 3132 628 3211 οιριξιι,
654 3134 727 3194 τοιι.
751 3115 998 3211 ratrammo-v
1022 3132 1105 3193 uuo.
1130 3133 1210 3206 eea
1236 3131 1405 3211 ττρτιρτγή
1429 3133 1504 3193 Pac.
1528 3133 1607 3206 aaa
1631 3133 1712 3206 uys.

482 3249 561 3324 491,
595 3248 712 3309 Aesch.
745 3248 824 3323 Sept
850 3248 929 3323 325,
954 3247 1161 3321 sequioribus
1186 3247 1373 3326 βορβορογή,
1396 3245 1617 3326 βορβορυγμός,
1639 3247 1712 3325 βορ-

482 3361 619 3439 βορύζειυ
638 3361 851 3435 relinquenda
869 3376 943 3422 esse
964 3360 1180 3437 existimem,
1205 3363 1286 3421 nata
1309 3361 1500 3422 confusione
1513 3360 1717 3421 creberrima

482 3476 653 3535 literarum
688 3497 706 3534 κ
741 3475 816 3553 etp
844 3476 877 3535 et
906 3474 992 3534 falsa
1021 3474 1237 3553 etymologia,
1270 3474 1459 3548 siquidem
1489 3489 1532 3534 ex
1562 3472 1713 3552 βόρβορος

484 3590 575 3649 nasci
606 3588 744 3649 debebat
773 3591 830 3648 aut
861 3586 1060 3666 βορβορλζειν,
1090 3603 1151 3649 neo
1176 3590 1306 3663 poteret
1336 3587 1545 3667 βορβορύζειν,
1576 3589 1713 3648 vetante

483 3699 644 3777 analogia.
684 3702 820 3762 Frustra
857 3702 958 3776 igitur
993 3702 1164 3776 vulgatam
1194 3703 1280 3763 tueri
1309 3703 1393 3761 milri
1425 3702 1555 3763 videtur
1585 3702 1713 3777 collega

483 3815 664 3875 Leidensis.

484 4042 540 4103 Vs.
565 4044 640 4103 452.
678 4076 717 4086 -
754 4042 790 4103 οὐ
814 4048 1029 4120 συκοφαντεῖν,
1052 4041 1088 4103 οὐ
1113 4042 1247 4120 διώκειν,
1270 4039 1341 4103 οὐδὲ
1364 4041 1416 4103 τὸν

752 4156 850 4234 δῆμον
872 4156 1043 4234 καταλύειν,
1066 4153 1141 4216 ἀλλὰ
1163 4154 1285 4217 πολλὰ
1315 4153 1482 4236 κάγαθά.

529 4271 609 4330 Post
632 4253 663 4331 l'r.
687 4286 736 4331 vs.
761 4273 838 4345 apte
857 4271 896 4331 de
920 4285 981 4331 suo
1004 4270 1135 4346 supplet
1158 4271 1356 4331 vLeeuwen:

750 4381 810 4462 ἤδη
833 4392 957 4462 ποιῆσαι
979 4382 1031 4443 καλ
1052 4384 1190 4460 ποιήσειν
1213 4382 1344 4443 πλείονα.

530 4497 608 4557 Mihi
642 4498 826 4572 simplicius
861 4497 993 4559 videtur
1027 4494 1150 4576 κάγαθά
1184 4496 1305 4558 habere
1340 4513 1398 4572 pro
1436 4498 1559 4558 infelici
1589 4498 1712 4575 peteris
1790 4472 1793 4477 ¹

484 4611 624 4671 lacunae
657 4611 886 4685 supplemento
918 4614 952 4672 et
975 4612 1171 4672 rescribere:
1197 4610 1294 4689 δῆμον
1317 4611 1489 4688 καταλύειν,
1511 4607 1584 4669 ἀλλὰ
1607 4604 1708 4671 πολλ’

491 4721 719 4800 <εὐεργετεῖν>,
751 4725 871 4785 collata
900 4728 981 4786 nota
1010 4725 1155 4786 formula
1181 4722 1333 4804 εὐεργέτης
1363 4732 1417 4785 τοῦ
1448 4723 1557 4801 δήμου.
1580 4724 1710 4784 Passim

487 4837 540 4897 hio
570 4838 633 4898 fuit
658 4838 733 4898 fons
757 4838 924 4899 vitiorum.
957 4839 1009 4898 Ita
1033 4855 1063 4898 v.
1089 4854 1116 4899 o.
1145 4838 1379 4913 explicandum
1402 4838 1487 4912 quod
1511 4838 1609 4913 Soph.
1634 4838 1711 4897 Ant.

487 4951 552 5010 580
565 4966 614 5025 sq.
630 4952 704 5012 libri
717 4951 840 5013 habent
856 4950 927 5011 ὅταν
943 4948 1033 5022 πέλοις
1055 4948 1059 5029 Ι
1081 4947 1141 5029 ἤδη
1157 4948 1325 5029 τὸνἎιδην
1341 4950 1477 5031 εἰσορῶσι
1499 4954 1576 5022 [τοῦ
1595 4949 1712 5029 filori]⁵

487 5064 542 5121 ubi
566 5079 669 5138 nuper
692 5065 835 5139 Blaydes
858 5065 919 5135 (ed.
944 5080 972 5125 a.
1001 5065 1096 5135 1905)
1121 5068 1196 5141 apte
1219 5065 1391 5140 proposuit
1413 5061 1645 5142 ἀφιγμένον.
