3867 6450
1020 1037 1083 1096 110

440 1225 495 1284 νο.
521 1225 596 1284 852.
664 1225 779 1284 Iustus
801 1223 842 1283 ad
866 1223 1129 1298 Sycophantam:

436 1352 439 1358 '
1062 1335 1104 1407 εἰς
1126 1333 1158 1395 τὸ
1181 1335 1342 1413 βαλανεῖον
1363 1331 1457 1413 τρέχε,

581 1487 590 1502 ·
707 1443 791 1509 ἔπειτ’
817 1447 882 1509 ἐκεῖ
898 1453 1067 1528 κορυφαῖος
1088 1445 1217 1526 ἑστηκὼς
1239 1445 1343 1528 θέρου·

706 1559 788 1642 κάγὼ
811 1560 867 1641 γὰρ
890 1555 971 1640 ελχον
992 1559 1048 1638 τὴν
1070 1562 1175 1620 στάσιν
1197 1561 1310 1639 ταύτην
1332 1559 1411 1621 ποτέ.

508 1675 699 1752 Comparari
721 1679 831 1751 potest
853 1677 1010 1751 Equitum
1031 1677 1124 1737 loeus
1147 1692 1196 1737 vs.
1224 1677 1309 1736 1399
1332 1691 1418 1751 sqq„
1437 1675 1493 1736 ubi
1512 1674 1682 1734 similiter

442 1789 654 1863 Agoracritus
676 1787 831 1851 Cleonem
854 1789 1038 1864 ulciscitur,
1058 1789 1181 1849 tradita
1199 1789 1276 1850 huie
1294 1789 1411 1849 eadem
1422 1803 1488 1862 qua
1506 1803 1545 1848 eo
1564 1800 1680 1860 usque

442 1918 524 1964 usus
544 1904 614 1978 ipse
637 1903 745 1963 fuerat
767 1903 856 1963 vitae
879 1901 1078 1963 conditione.

446 2104 498 2165 Vs.
522 2105 598 2168 859.
667 2104 835 2177 Hodieque
876 2104 1089 2179 praetulerim
1130 2102 1288 2165 ἐπιλίπωσί
1322 2097 1362 2180 μ’,
1395 2103 1480 2178 quod
1514 2099 1681 2176 proposui

443 2219 564 2279 Mnem.
594 2217 674 2276 XIX
704 2233 734 2291 p.
766 2217 830 2277 392
861 2232 919 2291 pro
942 2214 1126 2276 λκιλίπωοιν.
1150 2217 1277 2278 Ibidem
1300 2217 1489 2292 suspectari
1514 2230 1562 2277 vs.
1586 2215 1677 2288 861,

444 2331 478 2390 in
501 2345 549 2389 vs.
573 2330 723 2403 sequenti
746 2329 913 2390 coniciens
935 2327 1013 2388 ἔοικε
1037 2323 1067 2387 δ’
1094 2332 1153 2390 aut
1175 2323 1241 2407 ἔοιχ’
1269 2323 1313 2388 ὅδ’
1341 2345 1399 2404 pro
1422 2327 1526 2390 ἔοικεν.

446 2532 501 2592 νο.
525 2534 601 2592 955.
668 2527 742 2602 ἕλξει
771 2528 828 2592 κτλ.
861 2531 973 2592 Obiter
1003 2532 1140 2592 verbum
1168 2527 1262 2590 ἕλκειν
1286 2531 1485 2592 restituatur
1507 2531 1540 2591 in
1564 2533 1678 2608 proto-

445 2644 529 2705 eollo
550 2643 720 2704 iudiciario
741 2658 815 2720 pap.
839 2644 927 2719 Lips.
954 2645 1010 2720 13,
1032 2645 1095 2704 411
1116 2643 1250 2714 (Archiv
1268 2643 1321 2704 idn
1341 2643 1680 2719 Papyrusrorscnung

392 2803 403 2820 .
446 2756 535 2832 111p.
552 2759 640 2831 107),
655 2756 710 2816 ubi
722 2757 857 2831 legitur:
879 2777 1095 2833 ε...ομενον
1116 2754 1165 2815 καλ
1184 2753 1378 2833 τυπτομένων
1397 2753 1458 2816 ὑπὸ
1475 2755 1677 2834 γαλλιαρίων,

447 2871 501 2930 ubi
524 2872 667 2930 editores
689 2884 754 2930 nou
778 2872 1017 2944 perspexerunt
1041 2871 1271 2945 corrigendum
1295 2872 1330 2930 et
1356 2869 1575 2945 supplendum
1599 2883 1680 2928 esse

447 2979 710 3058 ἓ[λκ]ομένων
733 2978 790 3040 κτὲ.
808 2982 936 3043 Ibidem
956 2981 1067 3056 paullo
1087 2984 1164 3042 ante
1186 2997 1235 3043 ve.
1254 2985 1273 3042 4
1290 2981 1359 3065 εἴπγγ
1377 2980 1467 3053 αὐτὸς
1482 2979 1588 3060 παρὼν
1605 2979 1677 3039 καὶ.

447 3116 575 3174 οηγων
602 3092 638 3154 τὰ
657 3090 791 3170 ὀνόματα
815 3093 915 3154 αὐτῶν
940 3093 996 3154 art.
1016 3095 1127 3171 procul
1151 3095 1249 3156 dubio
1272 3110 1380 3169 neque
1405 3092 1471 3172 [μὴ
1500 3098 1678 3174 σ]τυγῶν

447 3224 552 3284 neque
575 3204 729 3288 ὁδηγῶν
757 3223 834 3267 eum
852 3208 971 3268 iisdem
992 3209 1221 3283 corrigendum
1242 3211 1309 3285 est,
1330 3208 1387 3269 sed
1412 3201 1471 3285 [pb
1497 3211 1531 3281 σ]
1544 3205 1677 3288 τλγων.

448 3412 505 3472 νο.
533 3412 628 3472 1014.
737 3408 873 3468 ἔπειτα
904 3414 1043 3471 πλουτῶν
1068 3405 1173 3471 οὐκέθ’
1199 3409 1302 3488 ἥδεται
1325 3420 1418 3495 φακῇ.

492 3525 577 3585 Fieri
595 3524 760 3599 potestat
778 3525 867 3584 recte
884 3524 1089 3586 novissimus
1108 3526 1213 3585 editor
1230 3527 1364 3585 tueatur
1384 3522 1483 3583 ἔπειτα
1497 3524 1677 3585 traiectum

447 3641 600 3699 statuens
629 3652 688 3711 pro
713 3640 849 3695 πλουτῶν
872 3634 980 3695 ἔπειτα.
1005 3637 1051 3698 of.
1076 3637 1224 3697 eiusdem
1248 3638 1418 3698 adnotatio
1441 3639 1612 3711 exegetica
1633 3638 1677 3697 ad

449 3750 530 3810 Nub.
550 3750 615 3809 860
634 3764 682 3820 sq.
704 3748 772 3824 Quo
791 3751 906 3809 tamen
926 3750 981 3809 vix
1003 3751 1161 3825 pertinet,
1181 3766 1280 3823 quem
1297 3750 1407 3811 locum
1424 3752 1520 3826 citat,
1539 3751 1615 3810 Plut
1632 3752 1676 3810 79

448 3856 495 3922 εἶπ’
522 3859 621 3940 ἐσίγας
643 3864 770 3932 πλοῦτος
795 3859 850 3932 υνυς
875 3863 930 3922 ubi
953 3866 1033 3922 noto
1057 3878 1118 3923 usu
1142 3856 1203 3921 ebo
1227 3879 1303 3940 oum
1327 3864 1551 3937 indignatione
1570 3865 1678 3937 rogat.

450 3975 512 4037 Sed
536 3974 576 4035 ei.
599 3988 701 4048 supra
726 3972 767 4033 ad
789 3974 866 4047 Lys.
891 3977 967 4035 654.
992 3976 1193 4036 -Praeter
1217 3974 1310 4053 ὅμως,
1333 3977 1372 4036 de
1396 3991 1459 4050 quo
1483 3976 1541 4037 vL.
1564 3976 1677 4036 admo·

446 4088 534 4164 nuit,
558 4086 692 4161 saepius
716 4086 764 4145 ita
786 4088 939 4148 traicitur
957 4087 1102 4148 formula
1119 4085 1170 4146 καὶ
1188 4096 1294 4163 ταῦτα,
1316 4088 1451 4163 idque.
1472 4088 1553 4148 Vide
1571 4088 1678 4162 ipsius

450 4203 564 4262 notam
594 4200 635 4260 ad
666 4198 748 4261 Ran.
780 4200 858 4275 704,
892 4201 944 4260 cui
975 4200 1056 4262 adde
1079 4202 1172 4262 Dion.
1197 4199 1313 4274 Obrys.
1337 4201 1371 4260 ΙΙ
1394 4204 1411 4272 5
1435 4204 1477 4261 47
1501 4203 1585 4261 extr.
1608 4195 1678 4278 (ubi

451 4312 538 4373 male
560 4311 767 4387 transposuit
791 4328 819 4371 v.
845 4313 974 4383 Arnim)
997 4318 1031 4374 et
1055 4314 1113 4372 VII
1137 4316 1155 4385 ς
1179 4314 1220 4374 89
1246 4314 1306 4385 (ed.
1332 4330 1362 4372 v.
1387 4312 1526 4385 Arnim).
1591 4361 1593 4367 .

452 4518 507 4577 Vs.
535 4518 631 4577 1018.
698 4520 796 4592 χεῖρας
832 4516 996 4596 παγκάλας.
1031 4519 1111 4578 Pars
1154 4518 1303 4579 codicum
1345 4515 1516 4596 παγκάλους
1552 4516 1679 4585 (Ambr.

451 4652 547 4698 meus
573 4615 741 4717 παγκάλῗῖξ)
764 4652 950 4713 perperam.
975 4638 1051 4697 Scit.
1075 4637 1227 4715 πάγκαλος
1251 4634 1293 4685 -'-=
1313 4636 1394 4697 πάνυ
1417 4636 1506 4707 καλός
1537 4639 1680 4697 nonest

451 4764 568 4809 verum
592 4750 826 4824 compositum.
851 4750 943 4808 idem
969 4749 1059 4809 valet
1082 4749 1121 4808 de
1145 4747 1308 4826 πάγκακος.

452 4945 509 5006 νο.
536 4947 632 5005 1041.
700 4944 747 5005 Gi.
780 4946 872 5005 stud.
903 4946 975 5005 crit.
1008 4961 1038 5019 p.
1072 4946 1112 5005 75
1141 4948 1174 5006 et
1199 4946 1347 5021 Append.
1371 4961 1402 5021 p.
1428 4946 1481 5007 21.
1505 4946 1529 5005 ii
1552 4945 1677 5005 Raven-

450 5060 527 5116 nate
550 5059 663 5117 tamen
690 5059 874 5119 vLeeuwen
897 5061 992 5118 notat
1016 5057 1182 5133 στεφάνους
1207 5062 1241 5120 et
1261 5058 1376 5130 δᾶιλας.
1397 5058 1485 5119 Num
1504 5057 1679 5118 errabam?
