3867 6450
493 1257 549 1319 Vs.
574 1258 650 1320 570.
719 1257 766 1321 di.
791 1260 911 1322 linem.
935 1260 967 1321 X
990 1276 1020 1337 p.
1045 1261 1103 1337 86,
1128 1263 1162 1323 et
1184 1276 1215 1339 p.
1240 1262 1281 1322 91
1307 1261 1348 1324 ad
1372 1276 1423 1323 vs.
1447 1261 1521 1322 559.

495 1482 568 1543 Vss.
593 1484 656 1545 571
681 1500 752 1560 sqq.
822 1486 917 1548 bodie
941 1486 991 1549 sie
1014 1488 1124 1549 tento:

762 1597 859 1679 ὥσπερ
889 1597 966 1660 θεὸν
997 1596 1151 1679 ἀντιβολεῖ
1172 1596 1346 1680 perpluere
1369 1607 1445 1678 „uile
1467 1596 1608 1676 εὐθύνης
1637 1591 1725 1674 (μ’)

1465 1710 1633 1790 ἀπολῦσαι,
1761 1768 1764 1775 .

762 1822 880 1904 „sipla
898 1826 1009 1907 χαίρεις
1033 1824 1278 1906 ἀρνείοισιν,
1299 1826 1408 1900 παιδὸς
1427 1824 1536 1904 φωνὴν
1556 1823 1719 1902 ἐλεήσας

762 1938 811 2017 „et
834 1932 861 2000 δ’
887 1930 927 2000 αὖ
950 1944 1012 2013 τοῖς
1042 1940 1236 2021 χοιρείοις
1267 1940 1437 2021 χαίρεις,
1459 1938 1615 2021 θυγατρὸς
1641 1948 1728 2022 φωνῇ

1382 2054 1428 2115 σὺ
1451 2050 1639 2114 πιθίσθαι,”

539 2167 658 2229 linem.
682 2166 737 2228 1.1.
762 2168 830 2229 iam
853 2166 1039 2230 scribebam
1060 2161 1088 2245 μ’
1113 2164 1279 2245 ἀπολῦσαι,
1302 2168 1412 2231 addito
1432 2168 1633 2245 pronomine
1654 2181 1727 2228 oum

496 2278 703 2357 Leeuwenio,
736 2281 792 2342 sed
823 2281 970 2345 retinens
1000 2278 1201 2343 infinitivum
1232 2286 1302 2359 (pru
1329 2282 1538 2359 imperativo)
1562 2278 1729 2353 ἀπολῦσαι,
1827 2245 1828 2270 ¹

496 2392 582 2465 quod
613 2392 670 2455 ille
704 2394 849 2457 mutavit
881 2394 914 2455 in
948 2390 1118 2470 ἀπόλυσον,
1151 2409 1227 2455 cum
1258 2394 1374 2456 eodem
1406 2410 1483 2456 vero
1513 2391 1639 2471 ἐλεήσας
1671 2408 1726 2468 pro
1827 2375 1828 2454 ζ

497 2502 644 2583 ἐλεήσαις,
672 2506 787 2567 deinde
817 2508 857 2569 de
883 2522 957 2568 meo
980 2505 1092 2587 χαίρεις
1117 2521 1175 2583 pro
1199 2506 1292 2587 χαίρω
1316 2510 1350 2569 et
1373 2506 1411 2567 σὺ
1434 2504 1584 2567 πιθέσθαι
1608 2522 1671 2582 pro
1694 2525 1728 2581 με

496 2621 658 2695 πιθεσθαι,
677 2634 759 2694 quae
779 2635 843 2681 non
862 2606 999 2697 habent,
1017 2620 1103 2683 unde
1118 2621 1291 2696 pendeant.
1304 2621 1390 2682 Nam
1403 2623 1534 2697 propter
1546 2619 1727 2681 formulam

497 2730 523 2790 εἰ
544 2727 598 2807 μὲν
623 2766 662 2775 -
684 2730 712 2792 εἰ
733 2728 764 2792 δὲ
788 2748 830 2793 ex
850 2733 1119 2796 antecedentibus
1142 2750 1208 2795 non
1226 2736 1337 2810 potest
1356 2735 1460 2811 repeti
1480 2733 1621 2795 verbum
1647 2734 1727 2792 ‹ivn-
1828 2731 1829 2748 ¹

497 2846 585 2924 βαλεῖ.
601 2845 671 2907 Iam
689 2862 766 2907 vero
786 2847 868 2907 ratio
888 2846 1053 2908 reddenda
1071 2847 1154 2907 mibi
1173 2850 1241 2924 est,
1261 2863 1319 2908 cur
1334 2844 1497 2925 ἀρνείοισιν
1510 2851 1544 2907 et
1555 2846 1727 2925 χοιρείοισιν
1828 2827 1829 2882 3

496 2959 728 3023 substituenda
768 2962 915 3045 suspicer
956 2977 1014 3037 pro
1046 2961 1191 3037 vulgatis
1232 2958 1322 3041 ἀρνός
1360 2970 1450 3045 φωνῇ
1488 2963 1521 3022 et
1561 2960 1727 3041 χοιριδίοις.

496 3074 659 3136 Nimirum
690 3083 780 3158 φουρ
810 3074 897 3137 male
925 3075 1102 3150 repetitum
1126 3091 1200 3137 esse
1222 3091 1241 3137 e
1264 3076 1415 3151 sequenti
1438 3074 1547 3153 φωνήν
1570 3078 1652 3137 ante
1675 3090 1728 3134 me

497 3188 662 3250 intellexit
685 3188 826 3266 Glarkie,
852 3189 906 3265 qui
930 3192 1026 3251 acute
1053 3189 1227 3252 substituit
1250 3189 1358 3273 θοίνρ,
1380 3191 1493 3251 minus
1518 3192 1633 3250 tamen
1658 3204 1726 3265 pro·
1829 3219 1830 3237 ι

496 3302 662 3381 habiliter,
687 3303 842 3379 quoniam
865 3319 904 3364 ea
928 3319 993 3364 vox
1017 3318 1122 3379 neque
1144 3304 1387 3379 Aristophanae
1407 3306 1459 3365 est
1480 3320 1541 3366 nec
1563 3304 1729 3365 sermonis

497 3415 686 3489 quotidiani.
723 3416 784 3477 Sed
826 3418 950 3491 optime
984 3419 1157 3478 assecutus
1194 3419 1247 3477 est
1285 3416 1347 3478 loci
1384 3418 1602 3494 sententiam,
1644 3432 1727 3491 quae

496 3529 578 3590 baec
611 3544 684 3590 esse
718 3529 827 3591 debet:
866 3529 907 3589 Si
941 3530 1100 3604 gaudes
1135 3530 1342 3592 arietinis
1377 3531 1566 3607 (carnibus),
1601 3529 1727 3605 pueri

497 3659 639 3705 vocem
671 3644 919 3718 miseratus,
952 3643 1018 3703 sin
1049 3625 1240 3719 porcinis
1269 3645 1443 3720 gaudes,
1474 3644 1601 3705 filiae
1633 3642 1727 3704 voci

375 3777 378 3785 ·
497 3761 541 3819 tu
574 3759 828 3833 obtempera.
865 3758 969 3834 Quare
1003 3757 1153 3832 suspicor
1187 3761 1333 3819 veterem
1364 3758 1518 3819 lacunam
1548 3754 1605 3836 ἄρα
1617 3802 1727 3816 ......

498 3874 607 3949 inepte
630 3873 795 3949 expletam
819 3887 892 3933 esse
916 3868 1007 3951 ἀρνὸς
1030 3879 1135 3953 φανῇ,
1157 3873 1191 3931 et
1210 3888 1268 3946 pro
1287 3871 1442 3950 χοιριδίοις
1467 3871 1526 3944 (sic
1550 3871 1587 3942 Vt
1614 3871 1727 3946 genui-

498 4000 576 4045 nam
606 3985 780 4046 leetionem
811 3983 947 4063 χοιρείοις
967 3985 1056 4044 recte
1079 3999 1232 4045 servasse
1254 3985 1400 4045 codicem
1423 3985 1670 4061 Ravennatem,
1695 3983 1727 4042 in

498 4115 561 4171 quo
584 4099 712 4175 legitur,
738 4099 822 4172 quod
846 4099 960 4158 eodem
986 4098 1084 4173 redit,
1110 4096 1240 4176 χοιρίοις.

499 4325 572 4385 vss.
597 4325 676 4398 600;
701 4327 780 4400 6113
806 4326 885 4399 σιω
910 4327 990 4398 eam
1016 4325 1095 4397 aa&
1120 4326 1196 4384 ere.
1226 4297 1228 4301 ’
1265 4324 1336 4384 vm.
1361 4325 1480 4385 linem.
1505 4326 1526 4387 1.
1539 4326 1560 4386 1.

499 4554 554 4615 VS.
580 4555 655 4615 603.
765 4553 854 4614 Bdel.
893 4551 1026 4631 ἔμπλησο
1060 4549 1163 4632 λέγων·
1197 4551 1316 4623 πάντας
1350 4551 1406 4632 γάρ
1441 4573 1487 4611 τοι
1516 4551 1625 4612 παύσει
1656 4549 1727 4631 πόσε

1353 4662 1635 4743 κάναφανήσει

765 4779 899 4858 πρωκτὸς
930 4784 1059 4859 λουτροῦ
1089 4778 1334 4860 περιγιγνόμενος
1365 4786 1416 4857 τῆς
1441 4775 1533 4859 ἀρχῆς
1562 4785 1615 4856 τῆς
1644 4798 1727 4856 περι-

1513 4888 1634 4969 σίμνσν.

544 5008 614 5069 Non
638 5007 773 5084 suffieit,
798 5007 883 5080 quod
904 5008 1018 5067 Herm.
1043 5007 1064 5068 l.
1082 5008 1103 5068 l.
1125 5007 1320 5084 suadebam,
1342 5006 1442 5068 verba
1461 5003 1673 5081 κάναφανήσει
1687 5036 1726 5046 -

500 5120 742 5200 περιγιγνόμενος
773 5137 891 5197 ponere
921 5122 955 5181 in
986 5122 1192 5197 parenthesi,
1223 5125 1259 5182 ut
1292 5121 1383 5196 iungi
1410 5122 1524 5197 posset
1550 5117 1660 5178 παύσει
1687 5149 1724 5159 -
