3867 6450
631 1625 896 1716 ADDEN
902 1623 1024 1713 DA.

219 2081 266 2140 Ad
286 2083 371 2143 Ach.
395 2085 448 2143 24.
530 2083 604 2142 Nou
620 2083 755 2157 illepide
772 2083 963 2158 nuperrime
981 2079 1020 2139 R
1039 2079 1070 2139 J.
1088 2076 1278 2136 Theodorus
1296 2073 1440 2148 Wagner

221 2193 250 2252 in
271 2196 386 2258 lluseo
412 2199 573 2257 Rhenano
594 2211 626 2256 a.
657 2198 754 2272 1905,
785 2198 818 2272 3,
847 2212 881 2271 p.
902 2197 969 2254 448
992 2210 1042 2268 sq.
1065 2190 1253 2270 proposuit:

482 2305 542 2368 ἀλλ’
567 2307 682 2385 ἀωρίαν
701 2311 708 2387 Ι
728 2310 937 2384 εὕδουσιν,
957 2301 1020 2367 εἶτα
1044 2304 1071 2366 δ’
1098 2306 1154 2368 κιέ.

221 2536 268 2595 Ad
289 2539 374 2599 Acb.
397 2543 461 2600 615
485 2555 556 2613 sqq.
624 2539 672 2600 cf.
695 2541 797 2600 etiam
819 2540 937 2599 Iuveu.
961 2539 1031 2599 Sat.
1054 2539 1088 2599 Il
1111 2542 1176 2602 276
1200 2559 1249 2617 sq.

223 2756 275 2832 Eq-
298 2765 378 2825 588.
485 2799 529 2808 -
550 2760 693 2841 ἡμέτερον
716 2764 861 2844 ξυνεργὸν

485 2880 597 2954 Νίκην,
616 2873 637 2953 ἡ
660 2887 839 2956 χορικῶν
855 2876 936 2937 ἔστιν
956 2876 1069 2956 ἑταίρα.

263 2990 342 3052 llihi
374 2993 508 3066 quidem
541 2991 637 3066 plene
678 2992 845 3052 satisfacit
885 2991 1036 3069 Χαρίτων,
1073 2993 1160 3066 quod
1194 2994 1267 3054 coll.
1301 2995 1341 3055 fr.
1376 2996 1442 3054 334

222 3106 412 3166 acutissime
433 3105 574 3166 coniecit
592 3105 849 3167 vWilamowitz.
873 3106 963 3166 Nihil
985 3105 1156 3182 proficitur
1174 3107 1321 3167 Velseuii
1339 3111 1443 3184 suspi-

223 3217 314 3282 cione
345 3231 473 3300 χορικῶν
505 3219 642 3297 μοιἰσιιν,
662 3236 725 3282 nec
757 3222 879 3295 melius
908 3222 1090 3283 conieceris
1115 3220 1136 3299 ἥ
1159 3244 1192 3301 γε
1222 3231 1330 3301 χορῶν,
1363 3239 1443 3284 nam

224 3334 359 3409 utroque
380 3337 477 3397 modo
499 3336 622 3396 misere
643 3336 726 3396 baec
748 3337 849 3396 verba
870 3336 1123 3411 languescerent
1145 3340 1179 3397 et
1202 3336 1418 3398 abundarent.

225 3556 279 3633 Eq.
305 3563 400 3624 1188.
484 3559 535 3621 καὶ
565 3570 617 3639 τῆς
646 3560 821 3641 ἐρυθρᾶς
854 3582 887 3640 με
920 3562 1144 3639 θαλάσσης,
1178 3563 1200 3623 i.
1225 3578 1253 3623 e.
1284 3563 1444 3624 finium

226 3674 338 3734 orbis
370 3679 592 3736 terrarum.
625 3674 673 3735 De
703 3676 765 3736 bac
791 3673 990 3750 proverbiali
1020 3674 1185 3735 locutione
1216 3678 1346 3751 praeter
1380 3679 1443 3738 Δν.

230 3785 289 3847 145
312 3789 351 3849 cf.
374 3788 618 3849 Demosthenes
639 3790 686 3848 de
707 3789 821 3849 falsa
842 3789 1063 3863 legatione
1085 3792 1104 3859 ξ
1124 3789 1207 3849 304;
1232 3789 1276 3861 τίς
1300 3785 1315 3848 ὁ
1338 3789 1444 3862 πείσας

226 3894 301 3974 ὑμᾶς
320 3902 417 3978 μόνον
440 3900 497 3961 οὐκ
519 3900 567 3961 ἐπὶ
589 3900 645 3977 τὴν
667 3900 803 3981 ἐρυθρὰν
825 3900 979 3961 θάλατταν
1002 3902 1161 3981 πρεσβείας
1182 3900 1311 3979 πέμπειν
1333 3925 1394 3975 -;

227 4126 306 4189 dub.
331 4131 428 4190 1119.
514 4123 575 4189 εἶτα
597 4129 650 4189 τὸν
672 4128 790 4208 καρπὸν
811 4129 1003 4201 τεκούσας
1030 4128 1180 4206 ἀμπέλους
1204 4128 1386 4207 φυλάξομεν.

268 4244 306 4303 ln
328 4244 470 4304 editione
492 4258 568 4304 mea
590 4244 703 4318 Oedipi
725 4244 814 4318 regis
839 4258 913 4317 pag.
940 4244 1003 4303 115
1027 4242 1207 4316 probabam
1230 4241 1388 4319 corausti,
1412 4245 1446 4304 in

113 4339 114 4342 ¹
227 4369 322 4427 quam
365 4361 399 4417 et
439 4359 510 4432 ipse
543 4358 737 4434 incideram,
772 4358 997 4418 coniecturam
1032 4378 1069 4415 τε
1102 4354 1167 4416 καὶ
1201 4355 1275 4428 τὰς.
1313 4356 1448 4431 Recepit

112 4480 114 4544 ¹,
227 4470 418 4532 vLeeuwen.

227 4698 300 4759 Pac.
324 4699 400 4759 720.
487 4700 612 4759 Ibidem
635 4714 709 4774 pag.
734 4700 777 4758 94
801 4698 943 4758 conieci:

448 4804 472 4871 ὦ
494 4806 636 4890 κάνθαρ’,
657 4806 753 4871 οἴκοθ’
783 4799 936 4881 (αὖθις)
963 4806 1194 4886 ἀποπετώμεθα.

273 4924 335 4985 sed
358 4924 479 5000 duplex
502 4920 599 4985 οἴκαδ’
626 4925 704 4986 ferri
726 4939 823 5000 posse
847 4924 987 4984 videtur.
