3867 6450
1090 1064 1129 1121 12

496 1250 552 1312 Vs.
577 1253 653 1312 927.
762 1250 814 1323 δός
837 1272 888 1327 μοι
911 1248 1057 1329 φορυτόν,
1074 1242 1115 1308 to'
1140 1246 1234 1309 αὐτὸν
1256 1247 1426 1327 ἐκδήσας
1449 1245 1562 1327 φέροι.

541 1365 579 1426 In
611 1364 801 1441 corrigendo
836 1361 988 1439 ἐνδήσω
1019 1361 1211 1439 conspirant
1244 1363 1350 1425 ferme
1380 1362 1500 1439 critici,
1536 1360 1570 1422 in
1604 1362 1722 1436 quibus

497 1480 693 1555 vLeeuwen,
718 1480 773 1553 qui
796 1494 854 1555 pro
877 1474 960 1557 φέρω
984 1478 1140 1539 audacter
1163 1477 1311 1554 reposuit
1334 1475 1502 1556 σφόδρα,
1525 1475 1599 1537 coll.
1623 1473 1721 1549 Vesp.

499 1594 560 1653 132
592 1592 712 1672 σφόδρα
742 1590 867 1669 πιέζειν,
898 1592 995 1667 Vesp.
1030 1591 1115 1652 1428
1146 1589 1265 1670 σφόδρα
1298 1588 1488 1671 κεκραγέναι,
1517 1589 1603 1649 Plut.
1636 1588 1720 1648 1101

495 1705 614 1786 σφόδρα
644 1706 772 1767 κόπτειν.
806 1708 851 1768 At
879 1705 960 1782 illic,
994 1706 1031 1767 ut
1059 1704 1192 1781 ubique,
1229 1702 1349 1782 σφόδρα
1378 1702 1546 1780 significat
1580 1701 1720 1777 valde,

497 1822 786 1897 vehementer,
807 1835 891 1895 quae
911 1820 1002 1881 notio
1022 1816 1523 1880 metudicealienaestaverbo
1541 1816 1720 1892 ligandi,

495 1935 581 2010 quod
610 1935 796 2010 postularet
829 1932 971 2013 ἰσχυρῶς,
1000 1933 1131 1995 firme.
1163 1931 1231 1993 Nec
1262 1947 1339 1993 vero
1369 1932 1464 1993 video
1494 1946 1553 1991 cur
1586 1929 1723 2007 omnino

496 2048 673 2123 quidquam
704 2048 749 2109 sit
778 2048 968 2109 novandum
1001 2049 1035 2109 et
1064 2060 1200 2123 prorsus
1230 2045 1314 2108 facio
1341 2058 1417 2107 cum
1439 2044 1566 2120 collega
1588 2043 1723 2105 Bruxel-

495 2162 594 2238 lensi,
618 2160 817 2239 Willemsio,
842 2158 983 2236 quill.
1008 2176 1037 2235 p.
1062 2161 1105 2221 20
1128 2174 1269 2222 monens
1291 2156 1394 2238 pipere
1417 2156 1603 2235 significare
1625 2172 1723 2233 posse

496 2276 683 2351 solvere,
708 2274 958 2351 persolvere
982 2275 1167 2351 pretium
1185 2274 1238 2344 (cf.
1258 2274 1416 2335 thesaur.
1429 2272 1506 2333 v111
1527 2287 1556 2346 p.
1578 2273 1643 2332 719
1659 2276 1721 2345 sq.)

495 2388 640 2464 explicat
664 2387 727 2463 ,le
750 2387 859 2448 livre
883 2401 931 2448 en
954 2388 1203 2462 palemont”,
1226 2387 1297 2447 scil.
1320 2386 1456 2447 Boeotio
1479 2400 1538 2462 pro
1556 2383 1724 2445 mercibus

496 2502 684 2577 importatis
707 2501 753 2563 Ol.
779 2515 845 2563 vsa.
871 2502 1061 2563 sat-905.

497 2677 553 2738 Vs.
578 2677 653 2737 948.
762 2677 875 2737 Boeot.
899 2672 993 2753 μέλλοι
1016 2674 1055 2755 yut
1077 2696 1122 2736 τοι
1144 2673 1294 2755 θερίδδεν.

807 2790 876 2853 Dic.
900 2784 973 2868 ἀλλ’,
995 2781 1019 2851 ὦ
1041 2787 1135 2863 ξένων
1158 2786 1301 2869 βέλτιστε,
1322 2805 1394 2850 σαν-

896 2901 1032 2983 οἑριζε
1054 2900 1105 2965 καὶ
1129 2907 1249 2978 [τοῦτον
1270 2901 1385 2982 λαβὼν]
1408 2896 1568 2982 πρόσβαλλ’
1593 2899 1671 2962 ὅπου

896 3018 999 3098 βούλει
1022 3014 1124 3097 φέρων

897 3132 995 3212 πρὸς
1017 3132 1144 3193 πάνια
1167 3130 1373 3210 συκοφάντην.

541 3247 671 3323 Optime
700 3248 788 3314 idem
817 3248 970 3310 Willams
1000 3249 1021 3310 l.
1043 3249 1077 3325 l.,
1109 3248 1216 3311 deleto
1246 3264 1323 3310 cum
1351 3247 1492 3323 Berglrio
1519 3246 1722 3321 glossemate

496 3367 583 3421 τοῦτο
617 3360 729 3440 λαβών,
762 3361 902 3437 iungens
934 3361 1034 3423 verba
1068 3360 1236 3441 πρόοβαλλε
1273 3359 1347 3440 πρὸς
1381 3358 1479 3419 πάντα
1512 3360 1724 3435 interpretari

498 3475 580 3534 mihi
599 3476 745 3537 videtur:
773 3476 889 3552 ,leve
913 3477 1033 3537 aussi
1057 3480 1096 3537 et
1117 3475 1229 3551 jetta
1252 3491 1325 3552 par
1350 3477 1503 3538 deseos
1524 3475 1563 3536 le
1586 3476 1719 3548 reste,
1842 3554 1843 3565 ρ

497 3603 591 3663 pour
621 3590 849 3665 l’emporter
879 3606 925 3651 ou
957 3591 1029 3652 bon
1058 3593 1096 3651 te
1130 3590 1291 3666 semble,
1325 3606 1373 3651 un
1405 3588 1669 3666 sycophante”
1686 3581 1720 3657 1).

496 3704 616 3778 Aptius
634 3706 723 3766 enim
743 3705 826 3766 nibil
846 3706 983 3780 cogitari
1001 3708 1125 3782 potest,
1148 3709 1181 3767 et
1200 3706 1310 3768 omnis
1330 3705 1503 3766 verborum
1523 3702 1721 3765 traditorum

497 3817 639 3878 mutatio
673 3818 889 3894 planissimae
922 3820 1110 3882 sententiae
1144 3823 1196 3881 est
1228 3821 1400 3896 pernicies.
1436 3821 1527 3881 Idem
1561 3817 1652 3880 valet
1680 3814 1723 3877 da

497 3930 645 3992 eiusdem
676 3931 897 4007 explicatione
920 3949 970 3994 vs.
1005 3933 1089 3995 1082
1120 3934 1176 3995 l.l.
1201 3950 1231 4010 p.
1257 3935 1298 3996 26
1323 3950 1381 4010 sq,
1407 3949 1469 3995 nec
1491 3949 1557 3994 non
1580 3933 1723 3994 fortasse
1841 4012 1842 4015 ρ

497 4059 545 4103 vs.
581 4045 680 4121 1093,
713 4045 767 4106 ubi
805 4046 892 4108 idem
931 4047 1063 4108 textum
1099 4048 1256 4109 traditum
1291 4048 1470 4110 defendens
1503 4047 1599 4121 putat
1633 4046 1724 4120 ipsas

496 4157 699 4235 saltatrices,
730 4159 864 4220 mimico
895 4159 982 4221 saltu
1008 4162 1224 4222 convivarum
1248 4162 1351 4222 scolia
1372 4162 1592 4236 illustrantes
1617 4160 1725 4220 dictas

498 4285 572 4332 esse
602 4268 638 4330 τὰ
668 4266 786 4348 φίλταθ’
819 4272 989 4351 Ἁρμοδίου,
1018 4273 1241 4336 Harmodii
1272 4275 1472 4350 delicias,
1505 4273 1659 4348 quamvis
1681 4273 1724 4335 de

497 4384 560 4445 hac
589 4384 721 4459 quidem
752 4386 931 4448 saltatione
961 4402 1127 4463 nusquam
1158 4389 1236 4449 alibi
1266 4392 1396 4464 reperta
1418 4389 1463 4450 sit
1486 4392 1544 4449 aut
1566 4389 1643 4449 vola
1665 4390 1727 4448 aut

498 4497 687 4595 vestigium.
718 4497 802 4560 Utut
833 4502 898 4576 est,
936 4501 1000 4562 hoc
1032 4503 1152 4563 saltem
1192 4505 1335 4578 constat,
1371 4503 1497 4565 nemini
1527 4501 1723 4577 contigisse,

497 4611 534 4670 ut
551 4611 710 4685 probabili
733 4614 923 4676 coniectura
941 4614 1050 4676 locum
1071 4616 1249 4691 expediret.
1272 4650 1311 4661 -
1333 4616 1452 4677 Mnem.
1477 4616 1585 4676 XXIV
1605 4632 1635 4691 p.
1657 4615 1724 4676 303

497 4723 605 4784 deleto
625 4728 662 4786 ut
691 4728 802 4801 spurio
826 4743 875 4788 ve.
907 4730 1002 4806 1092,
1027 4730 1171 4804 reliquos
1194 4730 1242 4791 sic
1265 4730 1473 4791 ordinabam:
1503 4729 1598 4806 1088,
1626 4729 1724 4801 1090,

415 4876 416 4880 =
501 4837 596 4912 1091,
625 4839 719 4915 1089,
748 4841 843 4918 1093,
869 4841 901 4901 in
927 4858 975 4902 vs.
1004 4843 1088 4904 1098
1112 4843 1260 4904 scribens
1282 4843 1317 4902 τά
1340 4837 1360 4903 ι’
1387 4840 1469 4904 dito.

499 4971 712 4980 -.--..------

533 5035 552 5102 ¹)
570 5033 613 5087 lta
636 5037 731 5089 tamen
755 5035 850 5090 nescio
874 5055 910 5090 an
934 5055 985 5104 pro
1003 5044 1080 5087 πάντα
1098 5035 1292 5106 corrigendum
1311 5036 1350 5091 sit
1368 5006 1447 5097 cilia,
1465 5035 1482 5090 i.
1497 5055 1521 5091 e.
1545 5041 1616 5088 adua
1637 5043 1726 5096 πάιω,

496 5125 589 5197 qualis
608 5125 759 5201 magistelli
778 5127 975 5201 interpretatio
992 5127 1112 5187 traditae
1130 5127 1260 5187 lectionis
1278 5127 1414 5201 originem
1432 5127 1514 5187 facile
1532 5126 1693 5201 explicaret.
