3867 6450
782 1031 824 1089 65

204 1223 253 1282 Vs,
274 1223 347 1282 401.
416 1219 597 1281 'tentabam
627 1217 684 1279 ll.
714 1216 810 1294 πήξας
839 1233 898 1293 pro
929 1218 1045 1293 κύψας,
1068 1219 1153 1293 quod
1177 1220 1281 1294 perite
1305 1223 1417 1298 tuetur

205 1336 327 1396 criticus
349 1334 529 1395 Leidensis.
1029 1354 1032 1360 ·

205 1585 253 1647 Vs,
274 1588 350 1650 412.
418 1585 453 1645 L.
484 1585 505 1644 l.
547 1583 685 1644 conieci:
728 1579 869 1660 ὄρνιθας;
903 1585 973 1641 ΕΠ.
1020 1581 1148 1642 αἴθων
1188 1581 1268 1661 ἔρως.
1314 1586 1419 1647 Aliter

206 1700 387 1760 rLeeuwen.

207 1940 256 2000 VS.
276 1941 350 2000 431.
460 1937 608 2014 σόφισμα,
629 1936 770 2014 κύρμα,
792 1941 916 2012 τρῖμμα,
938 1929 1103 2014 παιπάλημ’
1130 1934 1208 1995 ὅλον.

245 2055 294 2114 Sic
322 2052 461 2114 codices.
488 2051 673 2111 vLeeuwen
700 2049 877 2122 adnotans3
907 2064 993 2124 „vox
1015 2048 1130 2126 κύρμα,
1153 2065 1236 2124 quae
1259 2051 1293 2112 in
1315 2052 1420 2130 κύρβις

207 2166 291 2237 (liub.
321 2167 398 2236 448)
430 2165 553 2225 mutari
583 2165 708 2237 posset,
741 2162 805 2221 nisi
836 2162 943 2222 vicina
974 2161 1132 2222 vocabule
1161 2163 1195 2222 in
1225 2187 1266 2238 μα
1293 2165 1424 2227 exirent

208 2281 329 2340 omnie”
364 2282 426 2340 etc.
461 2278 609 2352 neglexit
646 2291 779 2337 monere
813 2275 899 2335 hano
931 2292 1042 2336 meam
1078 2291 1151 2338 esse
1185 2279 1421 2356 coniecturam,

209 2397 401 2470 propositam
424 2393 515 2454 Stud.
540 2391 618 2476 Orit.
642 2409 672 2467 p.
698 2394 750 2453 63.
774 2391 849 2466 Ipse
874 2409 950 2453 vero
974 2393 1080 2454 deleto
1104 2394 1202 2470 κύρμα
1222 2397 1317 2469 (quod
1337 2398 1423 2458 unde

209 2510 313 2568 netum
337 2509 470 2568 sitnon
494 2506 647 2581 explieat)
671 2506 705 2564 in
728 2505 823 2565 textu
843 2505 967 2579 posuit:

466 2617 614 2697 σόφισμα,
635 2623 758 2695 τρῖμμα,
780 2619 972 2696 παίιταλημα,
1000 2614 1126 2695 (λῆμ’)
1154 2619 1224 2680 ὅλον

210 2749 314 2808 perum
345 2734 500 2809 feliciter,
532 2735 608 2807 quie
637 2738 716 2810 λῆμα
742 2734 920 2794 manifesto
943 2749 1009 2794 non
1033 2738 1085 2796 est
1114 2735 1212 2796 huius
1238 2735 1315 2812 loci,
1340 2737 1425 2811 quod

210 2850 304 2908 sensit
334 2849 450 2923 etiam,
480 2862 579 2922 quem
610 2847 702 2923 citet,
735 2846 850 2922 Polalr,
882 2847 938 2921 qui
968 2846 1041 2908 coll.
1072 2848 1165 2908 Dem.
1205 2848 1313 2909 XVIII
1340 2853 1358 2922 θ
1383 2850 1423 2909 31

211 2962 320 3023 melius
343 2976 400 3036 pro
420 2961 518 3039 κύρμα
541 2961 680 3021 coniecit
696 2958 820 3036 κλέμμα.
840 2961 888 3020 Ne
905 2961 990 3020 forte
1009 2962 1083 3035 quis
1102 2963 1194 3035 putet
1213 2963 1311 3022 scribi
1330 2937 1427 3038 posse

211 3069 378 3152 παιπάλημ’,
395 3067 481 3150 ύλημ
507 3073 593 3148 iter,
619 3088 737 3133 moneo
762 3076 938 3147 utrumque
961 3073 1158 3135 vocabulum
1182 3091 1317 3150 prorsus
1339 3076 1426 3138 idem

212 3187 398 3262 significare.

212 3439 261 3499 Vs.
283 3441 360 3503 447.
428 3439 474 3500 De
504 3439 602 3500 huius
631 3454 745 3498 versus
774 3438 1046 3511 interpretatione
1076 3439 1201 3499 Koekio
1233 3440 1428 3502 adversatus

212 3546 281 3613 sum
304 3554 395 3614 Stud.
420 3551 497 3613 Orit.
520 3568 552 3627 p.
576 3553 629 3614 63.

214 3804 265 3868 VS.
288 3808 363 3868 457.
473 3803 511 3865 σὺ
534 3798 566 3865 δὲ
588 3797 677 3863 ταῦθ’
704 3799 799 3886 ὁρᾷς
822 3797 878 3882 λέγ’
904 3802 946 3875 εἰς
969 3802 1081 3863 κοινόν.

253 3920 340 3981 Haeo
374 3918 522 3979 oodioum
555 3917 653 3978 lectio
687 3917 794 3984 multo
828 3918 936 3991 magis
970 3918 1062 3977 favet
1096 3917 1204 3976 Bothii
1239 3919 1434 3979 correctioni

215 4031 328 4115 οὑρᾷς
351 4035 409 4093 aut
428 4030 603 4104 Molhuysii
627 4021 671 4088 οὗ
690 4024 826 4111 ’λύρας
849 4044 950 4103 quam
967 4032 1026 4089 eut
1044 4029 1233 4091 Koolrienee
1256 4025 1272 4089 t
1297 4029 1434 4108 φέρεις

215 4150 267 4206 sut
307 4146 409 4207 etiem
451 4144 638 4204 violentiori
671 4143 930 4204 Leeuwenienae
965 4142 1111 4220 ούχεις,
1142 4159 1202 4204 neo
1234 4144 1326 4205 video
1358 4146 1434 4219 quid

216 4260 320 4321 minus
343 4258 412 4333 apti
434 4257 487 4317 hio
510 4256 651 4317 habeant
674 4257 826 4317 notiones
849 4255 936 4315 illae.
961 4255 1009 4317 Ol.
1033 4258 1222 4320 Leeuwenii
1245 4260 1334 4318 note.

216 4508 268 4570 Vs.
291 4510 368 4570 464.
830 4506 1060 4584 προπεφύραται
1083 4504 1170 4586 λόγος
1194 4498 1235 4578 εἷς
1258 4498 1304 4578 (εὖ

1121 4622 1208 4711 reete
1231 4620 1349 4697 Bergk)
1374 4643 1439 4699 μοι,

478 4732 514 4796 ὃν
545 4735 715 4813 διαμάττειν
745 4734 789 4795 οὐ
820 4736 971 4796 κωλύει.

258 4851 451 4926 Suspicione
475 4864 540 4910 non
563 4851 655 4909 oeret
681 4846 718 4907 ού
742 4848 849 4907 κωλύει
873 4849 999 4908 dictum
1022 4862 1080 4922 pro
1104 4842 1194 4906 oritiv
1218 4845 1334 4906 κωλύει.
1358 4848 1439 4909 Vide

218 4979 255 5025 ne
288 4966 333 5025 sit
365 4964 532 5040 glossema
565 4962 829 5037 superscriptum
863 4963 1030 5036 genuinae
1061 4960 1208 5032 lectioni,
1240 4974 1323 5034 quae
1353 4962 1440 5021 idem

220 5075 395 5149 significet:
420 5075 456 5134 ιί
477 5097 518 5152 με
548 5076 719 5150 κωλύεα,
745 5076 829 5147 quod
853 5076 1006 5149 proposui
1030 5074 1142 5134 Herm.
1166 5073 1223 5134 l.l.
1249 5075 1324 5135 617.

299 5180 368 5226 και
1321 5179 1335 5221 ι
