3867 6450
817 1023 879 1082 103

252 1207 413 1282 Quoties
429 1209 515 1268 hunc
530 1208 641 1268 locum
656 1207 735 1282 legi,
753 1207 841 1266 male
857 1221 912 1266 me
929 1205 1117 1267 habuerunt
1134 1205 1236 1267 verba
1251 1203 1303 1265 τὸν
1315 1215 1463 1282 sponsae,

204 1322 290 1395 quia
340 1322 554 1387 meretrices,
584 1320 789 1381 amatoribus
831 1335 1026 1396 cunnum,
1067 1336 1133 1380 non
1172 1336 1308 1397 anum,
1347 1320 1459 1381 adver·

205 1436 337 1495 tabant
389 1439 423 1497 et
457 1437 646 1496 advertunt.
682 1435 750 1495 Neo
781 1436 894 1494 tamen
929 1437 1063 1509 propter
1097 1448 1232 1494 versum
1265 1436 1461 1509 sequentem

205 1549 391 1609 substitui
412 1550 522 1624 potest
542 1546 595 1608 rba
617 1547 751 1624 κύσθον,
773 1546 937 1607 similisve
960 1547 1103 1607 notionis
1126 1546 1334 1622 vocabulum.

256 1661 297 1720 Si
319 1665 446 1721 autem
467 1660 520 1720 τὸν
542 1658 681 1738 πρωκτὸν
703 1659 903 1721 mendosum
927 1662 992 1732 est,
1012 1661 1229 1720 unatantum
1248 1659 1461 1735 pateremini

210 1774 362 1834 videtur
400 1775 465 1851 ria,
501 1790 566 1848 qua
599 1789 642 1834 ex
676 1774 728 1834 his
765 1771 905 1833 salebris
938 1772 1056 1846 pedem
1091 1771 1244 1847 expedire
1278 1772 1460 1847 possimus,

212 1887 358 1948 scilicet
383 1889 581 1963 suspicando
604 1890 738 1963 poetam
763 1901 822 1961 pro
845 1883 898 1945 rba
920 1883 1059 1962 πρωκτὸν
1083 1885 1214 1945 dedisse
1236 1883 1275 1944 rb
1305 1883 1461 1964 ῥύγχος,

104 2046 105 2049 ,
214 2003 437 2076 rostrum,
458 2005 625 2070 (sermone
650 1999 825 2060 vernaculo
849 2000 1001 2074 snoet)‚
1027 1998 1112 2072 quod
1137 1997 1332 2059 vocabulum
1357 2013 1460 2071 aeque

214 2114 374 2186 quadrat
396 2114 431 2172 in
453 2117 623 2187 utrosque.

264 2225 400 2287 Scribit
439 2228 634 2288 Athenaeus
676 2227 725 2286 ΙΙΙ
761 2241 791 2301 p.
827 2227 870 2285 93
906 2228 951 2285 E:
987 2224 1150 2304 Ἄρχιππος
1184 2224 1352 2295 (comicus)
1386 2223 1460 2283 nard

217 2339 359 2429 παιδιᾲν
382 2335 445 2401 εἶπε
467 2338 517 2400 καὶ
542 2337 589 2398 ἐπὶ
612 2337 776 2419 πρόσωπον
799 2338 902 2410 οὕτως·

265 2451 324 2512 καὶ
350 2449 428 2514 ταῦτ’
454 2453 529 2532 ἔχων
552 2451 585 2513 τὸ
608 2451 717 2532 ρὅχος
740 2449 849 2512 οὑτωσὶ
873 2451 998 2532 μακρόν.

267 2565 327 2626 καὶ
349 2562 481 2647 Ἀραρὼς
501 2561 650 2625 Ἀδώνιδι·

263 2673 301 2738 Ὀ
326 2678 386 2759 γὰρ
409 2679 479 2751 θεὸς
504 2678 537 2739 τὸ
560 2677 669 2758 ῥύγχος
692 2673 732 2748 ὥς
754 2671 834 2755 ἡμᾶς
857 2674 985 2757 στρέφει.

270 2793 317 2852 Et
341 2794 457 2854 eodem
481 2807 582 2854 sensu
601 2791 762 2852 vocabulo
782 2791 832 2851 bis
851 2806 933 2852 usus
952 2793 1004 2850 est
1023 2791 1216 2861 Heroinidas
1235 2791 1414 2852 Mimiamb.
1432 2793 1459 2850 V

106 2905 107 2920 ¹
228 2907 270 2964 41
298 2910 337 2967 et
359 2907 421 2966 VII
444 2910 474 2968 6.

105 3007 106 3014 '
273 3017 438 3093 Quamvis
461 3020 562 3094 igitur
584 3019 693 3094 specie
717 3018 859 3093 quadam
880 3033 946 3078 non
966 3020 1091 3093 careat,
1112 3032 1176 3077 non
1197 3007 1280 3079 satis
1300 3017 1385 3078 lenis
1408 3021 1460 3079 est

107 3128 109 3153 ¹
228 3131 315 3192 haec
349 3133 520 3208 correctio,
554 3134 591 3192 ut
630 3146 806 3191 assensum
844 3133 1040 3204 extorquere
1070 3131 1189 3206 possit,
1221 3132 1333 3205 itaque
1363 3131 1461 3192 redeo

230 3246 271 3306 ad
303 3248 482 3322 pristinam
511 3261 623 3306 meam
652 3244 870 3321 sententiam,
903 3260 970 3305 non
999 3246 1150 3307 laborare
1177 3246 1259 3306 haec
1285 3245 1457 3320 vocabula,

229 3358 289 3418 sed
326 3374 469 3432 sequens
501 3374 684 3435 pronomen
719 3357 853 3437 αὐιὰς,
890 3360 976 3433 quod
1014 3361 1047 3424 h.
1078 3360 1100 3420 1.
1139 3360 1311 3420 abundans
1349 3358 1458 3419 labem

230 3473 420 3547 susceperit
441 3489 484 3533 ex
506 3470 599 3543 αὐτάς
622 3473 657 3532 in
681 3488 730 3534 vs.
758 3472 831 3533 150.

275 3586 402 3660 Nempe
425 3587 544 3647 Mnem.
568 3586 599 3645 X
622 3601 652 3661 p.
678 3587 721 3648 80
745 3601 837 3661 vere,
865 3586 899 3645 ni
922 3586 1033 3662 fallor,
1058 3585 1276 3659 corrigebam:

498 3699 551 3759 τὸν
573 3698 710 3776 πρωκτὸν
734 3698 857 3759 αὐτὸν
881 3696 978 3769 εὐθὺς
1001 3698 1043 3769 εἰς
1067 3705 1173 3758 τοῦτον
1196 3695 1321 3775 τρέπειν.

235 3827 379 3885 ,anum
407 3813 568 3887 ipsum”
596 3813 617 3878 i.
635 3829 664 3874 e.
688 3814 755 3874 vel
779 3829 912 3874 anum.
939 3814 1044 3888 „Nam
1068 3815 1102 3873 et
1125 3809 1232 3883 adra?
1259 3805 1319 3891 (ita
1341 3810 1458 3871 scribe·

234 3922 344 3995 ¹‚band
379 3924 537 4001 abundat,
578 3930 611 3985 et
647 3924 740 3986 αὐτὸν
781 3927 1009 3987 necessarium
1045 3927 1111 4001 est,
1151 3939 1215 3999 quo
1257 3922 1461 3999 significetur

237 4039 367 4109 „scorta
405 4037 627 4115 Corinthiam,
664 4040 769 4099 sicubi
803 4040 897 4100 dives
935 4042 1072 4123 amator,
1105 4039 1197 4113 ipsas
1230 4039 1338 4113 petat,
1378 4036 1459 4096 adeo

236 4154 390 4223 „paratas
419 4167 494 4212 esse
516 4150 728 4229 κελητίζεσθαι.
753 4152 799 4213 Of.
824 4153 921 4228 Vesp.
947 4154 1011 4213 501
1036 4167 1085 4226 sq.
1110 4152 1210 4212 Anth.
1234 4152 1302 4211 Pal.
1326 4149 1354 4207 V
1379 4150 1442 4208 202
1450 4166 1458 4221 ;

238 4263 322 4336 ,203
355 4264 438 4335 [add.
471 4264 592 4328 Herod.
621 4267 638 4325 1
663 4267 704 4327 61
731 4269 765 4326 et
787 4266 864 4327 Her.
890 4266 958 4327 Sat.
983 4266 1015 4324 ΙΙ
1039 4266 1073 4341 7,
1098 4266 1139 4324 49
1164 4266 1236 4338 sq.].
1261 4262 1383 4321 Notum
1408 4264 1459 4321 est

237 4374 346 4450 ,αὐτός
375 4394 451 4439 cum
480 4378 634 4439 omnibus
664 4378 814 4439 vocabuli
844 4379 963 4439 formis
994 4378 1027 4437 in
1057 4375 1150 4435 libris
1181 4375 1326 4448 antiquis
1348 4373 1460 4446 tachy·

237 4489 409 4564 „graphice
438 4492 568 4551 exarari
596 4479 667 4551 αὖ.”

236 4665 291 4726 Vs.
319 4668 391 4728 177.
460 4667 506 4729 cf.
531 4669 607 4728 Juv.
632 4669 663 4727 Π
690 4671 763 4730 169.

234 4826 290 4888 Vs.
318 4829 389 4890 188.
459 4830 553 4892 Anal.
575 4830 647 4892 orit.
668 4847 699 4906 p.
718 4832 759 4892 55
777 4835 814 4892 ut
828 4830 942 4892 fictum
959 4848 1001 4894 ex
1021 4847 1070 4892 vs.
1091 4833 1153 4893 198
1170 4828 1383 4905 damnabam,
1402 4830 1459 4890 sed

231 4939 374 5001 fortasse
385 4944 474 5003 recte
486 4945 598 5003 tuetur
610 4943 803 5004 vLeeuwen.
815 4945 907 5005 idem
922 4945 1012 5006 valet
1023 4946 1063 5005 de
1075 4960 1124 5005 vs.
1135 4946 1210 5019 209,
1223 4943 1279 5003 ubi
1291 4941 1392 5019 αὐτὸς,
1402 4957 1461 5017 pro

231 5067 297 5124 quo
313 5053 432 5115 Mnem.
452 5054 560 5114 XXIV
584 5070 616 5130 p.·
639 5057 703 5118 206
723 5056 890 5117 malebam
913 5049 1021 5134 αὖθις,
1036 5058 1118 5118 bene
1136 5056 1300 5131 explicare
1319 5055 1458 5121 videtur.
