3867 6450
760 1074 890 1137 ‘47

249 1256 314 1321 Vs,
339 1260 415 1323 488.
525 1256 564 1333 ὡς
588 1256 699 1321 ἀπανθ’
727 1256 821 1339 ἡμῖν
844 1263 986 1343 τυραννίς
1009 1262 1069 1324 ἔστι
1092 1262 1143 1325 καὶ
1166 1265 1345 1344 ξυνωμόται.

301 1375 500 1448 expectatur
523 1376 632 1450 potius
655 1372 762 1453 ὑμῖν,
786 1378 843 1437 sed
867 1372 939 1453 ἡμῖν
963 1378 1093 1439 defendi
1117 1382 1238 1454 potest.

252 1599 316 1659 VS.
343 1601 417 1661 503.
525 1609 644 1661 ταῦτα
684 1600 755 1682 γὰρ
797 1603 954 1681 τούτοις
1001 1602 1168 1666 ἀκούειν
1213 1601 1314 1684 ἡδέ’,
1359 1606 1393 1666 εἰ
1436 1604 1487 1666 καὶ

1255 1727 1320 1779 νῦν
1340 1717 1397 1800 ἕγύ

525 1828 576 1890 τὸν
599 1824 696 1908 πατέρ’
724 1827 768 1889 ὅτι
791 1830 939 1909 βούλομαι
964 1866 1005 1877 -
1030 1834 1083 1911 ζῆν
1107 1832 1175 1912 βίον
1198 1838 1342 1914 γενναῖον
1368 1866 1407 1875 -

526 1943 623 2003 αἰτίαν
647 1942 701 2023 ἔχω
727 1980 768 1990 -
793 1950 919 2025 φρονεῖν
942 1947 1119 2025 τυραννικά.

303 2054 460 2133 Corrupta
482 2073 555 2119 esse
575 2058 677 2119 verba
695 2066 787 2136 τοῦτο
806 2092 845 2103 -
863 2054 910 2136 vlt
919 2054 957 2137 ξ’,
981 2059 1012 2119 εἰ
1036 2061 1164 2136 primus
1184 2062 1267 2123 vidit
1287 2064 1485 2139 vLeeuwen,

249 2170 469 2244 probabiliter
500 2162 665 2246 corrigens
696 2169 753 2257 νὴΙ
776 2166 846 2249 Δί’,
876 2171 921 2250 εἰ,
955 2174 1081 2248 reliqua
1114 2179 1227 2236 autem
1258 2176 1306 2237 sio
1337 2177 1486 2236 tentans:

250 2281 351 2343 ταύτὰ
373 2282 428 2363 γὰρ
452 2284 490 2344 σὺ
514 2282 581 2362 ἐμοί
601 2278 625 2364 γ’
651 2282 780 2357 ἀκούεις.
806 2286 918 2347 Malim
942 2288 1110 2361 equidem:

349 2406 469 2457 ταῦτα
493 2398 556 2469 (vel
579 2396 683 2469 ταύτὰ)
706 2408 908 2478 πανταχοῦ
935 2393 993 2459 ’στ’
1020 2398 1200 2479 ἀκούειν,
1222 2399 1268 2478 νὴ
1293 2396 1367 2479 Δί’,
1389 2401 1415 2462 εἲ
1437 2400 1488 2462 καὶ

1150 2522 1208 2574 νύν
1235 2508 1324 2594 <γ’>
1352 2512 1408 2594 ἐγὼ
1431 2513 1487 2575 κιὲ.

251 2626 384 2686 inserto
406 2619 433 2705 γ’
460 2641 535 2686 culn
560 2626 733 2687 Meinekio.

304 2737 344 2797 In
366 2736 485 2803 Olsrkii
510 2739 711 2817 coniectura,
736 2756 836 2814 quam
860 2742 969 2801 textui
992 2742 1121 2801 intulit:

527 2850 648 2912 ταύτὰ
672 2845 746 2932 τᾶρ’
773 2852 909 2924 αὐτοῖς
934 2850 1062 2915 ἀκούω
1086 2852 1125 2931 νὴ
1150 2850 1215 2931 Δί’,
1239 2854 1263 2915 εὶ
1287 2855 1345 2917 κτὲ·
1443 2890 1447 2898 ·

255 2967 339 3040 apto
366 2962 465 3026 sensu
497 2968 585 3027 caret
616 2965 731 3044 αὐτοῖς,
761 2970 795 3027 et
818 2968 939 3028 melius
963 2971 1049 3029 certo
1073 2970 1204 3030 codices
1228 2973 1363 3031 secutus
1387 2972 1487 3047 scrip·

255 3079 361 3139 sisset
390 3077 482 3138 οούοὰ
511 3076 567 3158 γὰρ
590 3080 719 3158 τούτοις,
742 3082 883 3142 eadem
908 3083 1035 3155 atque
1058 3084 1161 3144 haec
1184 3099 1289 3157 quae
1313 3084 1486 3164 dixisti,

255 3191 357 3266 idque
388 3192 529 3255 tortasse
560 3194 791 3272 amplecterer,
819 3194 883 3255 nisi
906 3196 1018 3257 minus
1042 3196 1111 3272 apti
1134 3198 1245 3259 nescio
1269 3198 1346 3272 quid
1369 3197 1488 3260 habere

191 3311 196 3320 '
256 3305 344 3366 mihi
367 3307 533 3368 videretur
556 3305 648 3366 ιαύιά
671 3307 786 3385 ἀκούω,
817 3306 915 3367 εἶκαὶ
938 3316 996 3369 νῦν
1016 3306 1072 3388 ἐγὼ
1096 3343 1139 3351 --
1163 3309 1262 3370 αἰτίαν
1286 3310 1340 3390 ἔχω
1364 3309 1420 3371 κτὲ.
1444 3314 1487 3354 -’-

255 3419 481 3481 Nihilominus
498 3420 672 3495 diligenter
688 3421 879 3497 videndum,
899 3437 940 3483 an
957 3438 1022 3483 non
1039 3423 1084 3484 sit
1098 3423 1179 3484 haec
1194 3424 1267 3498 ipss
1283 3441 1360 3486 vero
1377 3426 1487 3489 lectio.
1557 3462 1559 3466 ,

256 3647 317 3706 Vs
342 3648 415 3708 524.
485 3648 608 3708 Iniuria
638 3648 815 3709 sollicitavi
843 3648 954 3709 Herm.
985 3649 1094 3710 XXIV
1117 3668 1147 3726 p.
1173 3653 1248 3712 210.
1275 3685 1314 3694 -
1340 3652 1395 3713 Vs.
1421 3654 1486 3713 530

255 3777 326 3822 non
360 3763 466 3836 magis
500 3763 654 3837 intellego
690 3778 788 3836 quam
824 3764 1018 3825 vLeeuwen.
1057 3765 1171 3826 Herm.
1206 3766 1227 3825 l.
1245 3766 1266 3826 l.
1299 3767 1485 3828 tentabam:
1599 3784 1602 3789 ·

257 3871 334 3953 ἀτὰρ
357 3869 418 3954 φέρ’
445 3869 515 3951 εἴφ’,
545 3867 607 3946 οἷός
631 3897 674 3947 τις
699 3876 781 3946 (scil.
807 3875 994 3953 nuntiassent
1022 3874 1041 3955 ἢ
1072 3877 1108 3937 τί
1136 3887 1256 3938 ταῦτα
1280 3880 1487 3958 καρακελεύει;

255 3989 308 4049 ibi
332 3989 365 4048 in
388 3989 526 4063 paginae
547 3989 634 4050 calce
655 3989 691 4050 G.
712 3989 852 4060 Klaibel)
880 3990 1017 4051 adnotat
1044 3991 1130 4066 „viti
1154 3992 1377 4053 Kirchhofflus
1403 4010 1487 4068 quae

257 4101 346 4161 dixit
370 4101 482 4178 Herm.
507 4101 587 4162 XIH
612 4102 710 4164 297.”

258 4328 317 4388 VS.
343 4329 417 4388 532.
883 4326 954 4413 ὁρᾷς
979 4330 1034 4411 γὰρ
1058 4329 1097 4404 ὡς

528 4439 576 4501 σοὶ
599 4439 689 4521 μέγας
712 4437 766 4502 ἔστ’
792 4440 874 4522 ἀγὼν
897 4452 955 4503 νῦν

527 4552 577 4613 καὶ
600 4553 667 4634 περὶ
691 4564 750 4615 τῶν
773 4552 930 4634 ἁπάντων,

528 4665 622 4747 εἴπερ,
645 4663 661 4727 ὃ
684 4667 724 4746 μὴ
748 4663 874 4749 γένοιθ’,
897 4662 984 4742 οὗτός
1008 4665 1035 4729 o‘
1068 4669 1201 4731 ἐθέλοι
1226 4680 1428 4751 κρατῆσαι.

305 4781 511 4841 Acutissime
542 4782 682 4843 Starkie:
712 4777 739 4840 o'
774 4777 824 4842 ἔθ’
858 4781 939 4843 ἕλοι
970 4783 1175 4863 κρατήσας.
1200 4786 1286 4845 Num
1310 4788 1423 4846 tamen
1446 4783 1486 4844 ἔτι

256 4895 306 4954 sit
329 4894 429 4954 huius
452 4895 515 4954 loci
539 4895 694 4956 dubitans
717 4897 833 4957 malim
857 4891 926 4977 oly’
963 4893 1052 4956 ἕλοι.

258 5122 334 5181 Vss.
362 5123 442 5196 563;
468 5123 548 5195 600;
573 5124 649 5184 611.
719 5123 789 5184 Vid.
813 5123 933 5184 Mnem.
958 5124 980 5185 l.
993 5124 1014 5185 1.
1039 5126 1102 5185 447
1128 5140 1197 5198 sqq.
