3867 6450
1073 1072 1135 1132 100

491 1261 546 1323 Vs.
574 1262 668 1322 1188.
736 1251 916 1318 inodori
944 1257 995 1318 ὥν
1026 1275 1084 1334 pro
1107 1256 1258 1318 ἐπαύσατο
1281 1260 1330 1327 (ut
1354 1259 1466 1320 Herm.
1493 1260 1550 1319 l.l.
1576 1261 1738 1335 corrige·

490 1372 580 1451 bam)
603 1373 762 1448 hodieque
783 1373 924 1448 requiro.

490 1599 546 1659 Vs.
573 1601 668 1662 1181.
737 1599 808 1659 vid.
832 1599 951 1659 linem.
977 1598 998 1659 l.
1012 1597 1033 1658 l.

488 1825 543 1885 Vs.
571 1826 666 1885 1235.
735 1824 781 1885 (11.
814 1825 927 1885 Herm.
958 1824 1014 1884 l.l.
1047 1839 1076 1898 p.
1101 1825 1176 1885 630.
1201 1824 1264 1884 Sed
1291 1827 1380 1885 recte
1404 1825 1576 1900 vulgatam
1599 1827 1738 1884 tuetur

489 1940 682 2000 vLeeuweu.
718 1939 792 2013 Ipse
826 1939 1049 1998 coniecturam
1085 1951 1196 1997 meam
1235 1936 1312 2014 πρίω
1349 1937 1417 1997 iam
1452 1939 1734 1998 retractaveram

487 2052 633 2127 Append.
657 2052 697 2112 ad
728 2052 819 2112 Stud.
845 2051 917 2111 crit.
942 2066 972 2125 p.
998 2049 1052 2110 87.

487 2278 543 2339 Vs.
569 2280 664 2340 1256.
733 2277 780 2339 (11.
797 2279 888 2339 Stud.
906 2279 978 2338 crit.
997 2294 1026 2352 p.
1044 2278 1096 2337 71.
1115 2277 1218 2338 Hodie
1235 2293 1311 2338 cum
1327 2278 1523 2338 Leeuwonio
1536 2279 1732 2350 acquiesco

488 2391 639 2452 Meinelrii
662 2393 860 2452 coniectura.

487 2616 542 2676 VS.
570 2618 665 2676 1301.
751 2607 839 2687 οὗτος
862 2610 889 2675 δ’
916 2613 977 2676 ἀπὸ
999 2615 1121 2675 πάντων
1143 2612 1199 2692 μὲν
1222 2613 1306 2688 φέρει
1328 2614 1509 2690 πορνιδίων,
1530 2611 1586 2673 κτὲ.

530 2728 612 2790 (lum
647 2730 833 2790 Leeuwenil
865 2732 944 2790 nota
974 2730 1014 2790 ci.
1047 2730 1159 2790 Herm.
1190 2728 1211 2788 l.
1232 2729 1252 2788 l.
1285 2729 1397 2789 Placet
1428 2727 1511 2788 mihi
1540 2729 1612 2788 cius
1647 2745 1730 2790 cor-

485 2842 601 2901 rectio:

752 2947 838 3026 οὗτος
862 2952 895 3014 δέ
916 2949 941 3033 γ’
966 2951 1007 3025 ὡς
1029 2953 1188 3033 πορνίδιον
1211 2951 1271 3012 ἀπὸ
1294 2953 1416 3012 πάντων
1440 2951 1538 3031 φέρει,

486 3066 550 3128 nisi
572 3067 656 3140 quod
680 3067 791 3141 paullo
813 3067 921 3128 lenius
943 3067 1185 3142 rescripserim:

752 3172 838 3251 οὗτος
862 3174 890 3240 δ’
915 3176 976 3240 ἀπὸ
998 3179 1121 3241 πάντων
1145 3177 1184 3251 ὥς
1212 3190 1297 3243 (τι)
1324 3179 1484 3253 πορνίδιον
1506 3177 1605 3257 φέρει,

484 3292 586 3353 etiam
615 3295 700 3367 quod
723 3296 757 3354 in
781 3294 931 3369 simplice
953 3295 1161 3371 oppositione
1183 3293 1434 3367 praeferendum
1458 3293 1588 3354 videtur
1611 3296 1726 3357 tradi·

482 3402 610 3466 11111111
633 3406 841 3467 coniecturae
864 3404 897 3465 δέ
918 3426 961 3484 γε.
1648 3417 1651 3423 ·

483 3631 538 3691 VS.
567 3633 661 3696 1305.
748 3634 867 3695 Aesch.
957 3594 961 3601 Ι
1243 3639 1304 3693 ποῦ
1323 3627 1401 3691 ’στιν
1423 3627 1443 3709 ἡ
1466 3636 1527 3703 τοῖς
1550 3626 1724 3709 ὀστράκοις

882 3744 958 3822 αὕτη
982 3750 1145 3822 κροτοῦσα;
1170 3744 1275 3823 δεῦρο,
1301 3738 1404 3804 Μοῦσ’
1431 3743 1619 3821 Εὐριπίδου,

881 3856 956 3935 πρὸς
980 3856 1075 3936 ἥνπερ
1099 3855 1252 3934 ἐπιτήδεια
1275 3851 1354 3917 ταῦτ’
1379 3856 1464 3939 ᾄδειν
1488 3853 1590 3934 μέλη.
1658 3872 1704 3922 .“
1823 3918 1824 3925 ,

748 3971 866 4032 Bacch.
883 3970 960 4048 αὕτη
983 3964 1073 4029 ποθ’
1100 3966 1120 4047 ἡ
1145 3964 1249 4029 Μοῦσ’
1276 3969 1332 4030 οὐκ
1355 3968 1550 4048 ἐλεσβίαζεν,
1573 3966 1625 4028 od.

527 4082 674 4142 Ultimus
703 4098 833 4158 versus,
865 4086 902 4143 ut
930 4084 1073 4143 traditur
1101 4083 1377 4157 obscurissimus,
1402 4082 1561 4143 facillime
1583 4082 1712 4147 intelle

481 4196 577 4267 getur
599 4196 647 4256 sio
669 4196 789 4257 leniter
812 4194 962 4256 reticius:

748 4307 824 4384 αὕτη
846 4302 923 4366 ποθ’
950 4303 970 4384 ἡ
997 4302 1100 4366 Μοῦσ’
1127 4329 1183 4367 ουκ
1206 4302 1347 4386 ίλεσβίοιζι
1374 4305 1465 4379 ίίνως
1530 4368 1533 4373 ,

526 4420 555 4478 N
564 4435 667 4479 onne
690 4422 791 4482 haec
805 4394 928 4481 'Musa
948 4421 1138 4495 (prodierat,
1164 4423 1200 4480 ui
1219 4421 1373 4496 arbitror,
1395 4421 1429 4484 iu
1449 4435 1549 4481 scena
1566 4436 1721 4495 persona

483 4536 576 4600 muta
609 4533 791 4593 meretricis
825 4534 915 4593 cultu
958 4535 1086 4603 ornata)
1129 4536 1336 4606 quondam
1379 4534 1486 4608 apud
1525 4549 1719 4608 superos

481 4642 666 4721 ἐίεσβίοζεν7
700 4644 720 4703 1.
747 4661 774 4704 e.
809 4661 988 4718 agnoscere
1024 4646 1106 4728 milri
1142 4646 1253 4706 videor
1288 4647 1322 4705 in
1357 4646 1418 4706 hac
1442 4647 1535 4706 Musa
1557 4648 1717 4710 scortum

482 4758 697 4830 vilissimum
721 4759 840 4832 quippe
862 4760 1026 4840 eiusmodi
1049 4760 1126 4817 sunt
1149 4759 1273 4819 multae
1292 4759 1422 4819 fabulae
1441 4759 1647 4834 Euripideae,
1676 4768 1719 4824 ut

480 4885 544 4929 non
570 4870 726 4954 coelestis
755 4871 892 4945 originis
921 4871 1028 4945 Musa,
1060 4873 1117 4930 sed
1145 4872 1280 4931 infamis
1303 4875 1336 4939 et
1360 4872 1714 4951 abominandamere·

480 4983 546 5041 trix
575 4985 708 5056 poetam
738 4983 919 5057 inspirasse
950 4983 1134 5045 existimes
1167 4985 1293 5045 Similis
1323 4985 1387 5045 luit
1417 4987 1509 5046 iocus
1540 4987 1573 5043 in
1610 4985 1716 5049 Pacis

481 5112 529 5155 vs.
554 5098 617 5156 871
642 5112 726 5170 sqq,
751 5096 865 5170 quales
888 5113 988 5170 supra
1010 5100 1233 5162 restituendos
1255 5115 1330 5179 esse
1354 5100 1487 5160 conieci.
