3867 6450
2107 989 2231 1048 104

954 1182 1051 1234 κη.
1109 1182 1253 1235 ·:·..‘i.
1403 1175 1623 1234 Herm.
1688 1172 1904 1232 XXIV
1967 1191 2006 1248 p
2066 1175 2194 1234 633
2256 1174 2640 1249 suspicabar
2693 1172 2774 1234 ob
2834 1187 3102 1232 causam
3152 1172 3242 1231 ibi
3292 1187 3405 1229 ex·

949 1302 1260 1362 {nn—atam:

1478 1397 1590 1460 οὐκ
1636 1396 1713 1474 ἤν
1757 1420 1823 1477 γε
1867 1398 2266 1475 πλουτήσωσι·
2325 1398 2787 1472 <πλουτήσουσι
2837 1396 2929 1473 δέ,

1439 1500 1544 1577 ,εὖ
1592 1502 1734 1581 οἶδ’,
1781 1507 1922 1568 ὅταν
1969 1491 2198 1592 βλέῷῃς
2244 1511 2320 1570 σύ
2365 1504 2510 1588 γ’,>
2565 1507 2623 1581 ἐξ
2670 1507 2852 1586 ἀρχῆς
2898 1509 3094 1568 πάλιν.

947 1641 1154 1700 neque
1203 1624 1390 1686 hodie
1435 1625 1719 1683 retracto
1765 1623 2193 1683 sententiam.

950 1842 1051 1900 Vs.
1107 1840 1255 1901 267.
1395 1837 1642 1898 Ibidem
1721 1839 2033 1912 proposui
2118 1854 2234 1913 pro
2315 1835 2526 1912 ψωλὸν
2610 1836 2852 1914 ψωρὸν,
2913 1838 3083 1910 quod
3152 1838 3414 1910 recepit

947 1955 1333 2016 vheeuwen.
1384 1950 1507 2010 Pro
1553 1948 1774 2008 ἄθλιον
1822 1950 2066 2010 ibidem
2113 1950 2445 2011 malebam
2494 1947 2744 2026 ἀσθενῆ.

949 2169 1054 2229 VS.
1104 2168 1254 2229 268.
1459 2159 1740 2239 Coryph.
1791 2156 1836 2222 ὦ
1883 2162 2103 2242 χρυσὸν
2150 2161 2423 2243 ἀγγείλας
2469 2161 2646 2222 ἐπῶν.

1033 2281 1211 2344 Haeo
1260 2278 1458 2339 verba
1494 2278 1561 2337 in
1595 2292 1735 2337 rem
1768 2292 1958 2337 suam
1996 2278 2323 2338 convertit
2355 2278 2652 2339 Iulianus
2684 2279 3009 2352 Apostata
3040 2277 3241 2350 Epist..
3280 2275 3408 2335 XI.

946 2494 1053 2556 VS.
1106 2494 1256 2555 282.
1478 2482 1525 2550 ὦ
1569 2490 1759 2549 πολλὰ
1806 2491 2253 2569 μοχθήσαντες,
2299 2489 2411 2551 οὐκ
2457 2489 2643 2569 οὔσης
2690 2496 2904 2573 σχολῆς
2948 2490 3283 2567 προθύμως

1475 2597 1630 2677 δεῦρ’
1682 2600 1952 2681 ἤλθομεν
2000 2608 2239 2663 πολλῶν
2288 2604 2566 2681 θύμων
2612 2603 2776 2682 ῥίζας
2824 2605 3261 2679 διεκπερῶντες.

1031 2720 1231 2782 Lecta
1289 2717 1681 2795 praesertim
1744 2717 2117 2779 Leeuwenii
2163 2719 2611 2793 disputatione
2658 2719 2916 2792 critica,
2967 2732 3163 2777 nemo
3208 2716 3418 2776 facile

943 2832 1274 2896 dubitabit
1341 2832 1496 2905 quin
1567 2831 1960 2891 mendosum
2031 2832 2122 2890 sit
2188 2832 2409 2907 θύμων
2457 2828 2524 2906 ¹),
2597 2832 2710 2891 sed
2783 2833 2850 2890 in
2918 2834 3227 2905 promptu
3297 2832 3417 2889 est

942 2946 1156 3009 facilis
1202 2947 1266 3005 et
1315 2946 1472 3020 apta
1511 2942 1891 3004 emendatio
1938 2953 2231 3019 φυτῶν,
2275 2947 2347 3004 ut
2373 2943 2674 3004 dicantur
2697 2945 2929 3004 rustici
2954 2958 3069 3017 per
3091 2942 3410 3002 arborum

944 3061 1197 3122 radices
1243 3058 1346 3128 (cf.
1398 3057 1791 3118 Germanica
1844 3057 2131 3118 formula
2192 3057 2379 3116 uber
2436 3057 2683 3116 Stock
2741 3059 2896 3115 und
2955 3057 3264 3124 Steine)
3316 3071 3412 3115 ex

944 3173 1122 3250 agris
1169 3171 1381 3232 ruisse
1429 3171 1497 3230 in
1544 3169 1795 3231 urbem.

945 3387 1055 3448 VS.
1107 3386 1255 3445 386.
1480 3385 1790 3460 Χρεμύλος
1835 3381 2192 3460 πεπλούτηκ’
2249 3384 2552 3464 ἐξαπίνης.

1035 3499 1390 3573 Procopius
1451 3497 1750 3559 Gazaeus
1808 3498 2013 3574 Epist.
2062 3498 2352 3559 XXXIII
2398 3501 2540 3560 init.
2594 3501 2947 3577 ,Χρεμύλος
2992 3500 3413 3575 πεπλούτηκα,

947 3611 1233 3693 ἐξαίφνης
1282 3612 1465 3680 (sic)”
1512 3605 1550 3687 ἡ
1597 3610 1881 3695 κωμῳδία
1927 3612 2137 3688 φησίν.

948 3826 1060 3887 Vs,
1111 3826 1263 3886 844.
1402 3819 1442 3900 ἢ
1481 3822 1640 3901 χθές.
1680 3825 1955 3885 Ederem
1993 3827 2213 3899 potius
2251 3823 2291 3904 ἢ
2322 3821 2488 3905 ’χθές
2529 3830 2792 3901 propter
2831 3841 3059 3887 veram
3099 3826 3414 3886 Meinekii

945 3938 1471 4000 observationem
1533 3938 1599 3996 in
1659 3938 2126 4012 Aristophanis
2186 3939 2502 4000 diverbiis
2545 3944 2835 4000 metrum
2884 3939 3125 4011 ubique
3171 3939 3411 3998 admit·

945 4056 1086 4114 tere
1128 4052 1414 4113 formam
1463 4050 1855 4123 bisyllabam
1904 4048 2090 4128 ἐχθές,

951 4254 1062 4315 Vs.
1112 4254 1264 4314 848.
1403 4251 1496 4312 cf.
1568 4252 1796 4314 Herm.
1867 4254 1909 4314 l.
1948 4254 1984 4312 1.
2055 4254 2179 4314 Sed
2249 4258 2426 4314 recte
2497 4254 2835 4329 vulgatam
2906 4255 3077 4314 tueri
3148 4254 3412 4313 videtur

952 4367 1342 4430 vLeeuwen.

955 4569 1062 4626 Vs.
1116 4568 1266 4626 352.
1404 4567 1643 4626 Mnem.
1707 4567 1923 4626 XXIV
1986 4585 2047 4642 p.
2112 4569 2238 4629 307
2304 4569 2523 4629 Plauti
2573 4570 2769 4629 verba
2815 4570 2911 4628 sic
2957 4582 3190 4643 graece
3234 4569 3406 4626 verti

958 4694 1014 4738 ut
1074 4678 1382 4738 srvio-„wit
1425 4678 1636 4740 editor
1680 4680 2045 4741 LeidensiS.

1054 4962 1058 4994 ι
1106 4942 1344 4997 ἱ”ῑ».·.τ-;ι1ί3
1393 4961 1687 5004 numerus,
1753 4944 1811 4998 in
1870 4964 1985 5013 quo
2039 4946 2232 5000 haeret
2289 4947 2404 5009 vL„
2449 4947 2657 5016 legitur
2706 4948 2878 5002 etiam
2930 4948 2989 5001 in
3032 4945 3400 5014 Alciphronis

958 5058 1038 5098 Γ...
1086 5038 1182 5086 iii,
1234 5034 1320 5086 iffi
1352 5036 1461 5102 (ed.
1497 5035 1817 5105 schem-rs).
