3867 6450
508 1225 563 1285 Vs.
592 1224 687 1283 1373.
774 1219 867 1281 Dem.
892 1212 958 1279 οὐδ’
986 1216 1174 1297 ἀγοράσει
1196 1215 1225 1279 τ’
1252 1218 1386 1299 ἀγένειος
1410 1220 1510 1294 eodelr
1533 1221 1573 1282 lv
1598 1223 1737 1305 ἀγορᾷ.

773 1334 848 1393 Isie.
871 1338 932 1390 ποῦ
956 1330 1031 1407 δῆσα
1054 1329 1242 1408 Κλεισθένης
1265 1330 1454 1413 ἀγοράσει
1478 1334 1528 1396 καὶ
1550 1339 1710 1415 Στράτων.

549 1449 693 1509 Verbum
725 1448 916 1521 corruptum
947 1442 1088 1523 ἀγοράσει
1114 1446 1274 1519 originem
1299 1447 1417 1509 debere
1444 1451 1555 1511 versui
1578 1453 1737 1526 sequenti

505 1554 593 1614 recte
622 1551 799 1624 agnovisse
823 1547 952 1607 videtur
982 1547 1181 1623 vLeeuwen‚
1205 1548 1264 1608 sed
1291 1565 1309 1608 e
1331 1551 1529 1611 coniecturis
1551 1554 1737 1627 propositis

505 1664 597 1725 nullo
620 1663 702 1724 mihi
725 1662 843 1736 placet.
868 1660 1014 1720 Accedat
1036 1660 1117 1719 haec
1139 1674 1232 1720 mee:

683 1769 750 1835 οὐδ’
780 1763 865 1837 (οὗ
889 1766 1077 1844 φοιν>οῖσ’
1102 1769 1235 1848 ἀγένειος
1257 1772 1358 1845 οὐδεὶς
1380 1772 1413 1834 ἐν
1436 1773 1539 1859 ἀγορᾷ.

550 1892 653 1967 Quem
677 1889 739 1951 leci
763 1885 937 1963 proficiens
960 1901 978 1945 e
1001 1886 1145 1960 collegae
1167 1886 1277 1947 verbis
1299 1887 1407 1948 hisce:

552 2002 737 2081 „Particula
759 1995 783 2060 ι’
809 1996 844 2058 ἔτ’
865 1997 1019 2059 mutabat
1037 1999 1190 2075 Lentlng,
1212 1999 1342 2060 delebat
1359 2000 1504 2063 Diodori.
1523 2004 1732 2078 Equidem

507 2118 634 2195 ,vitii
666 2114 804 2191 aperti
834 2115 910 2174 hoc
942 2112 1337 2188 vestigiumdelere
1360 2115 1495 2192 nolui,
1520 2117 1732 2179 dubitans

507 2245 580 2303 „an
624 2231 813 2291 futurum
856 2227 1027 2299 aliquod
1072 2226 1107 2285 in
1142 2221 1267 2296 -ι’(οι)
1313 2228 1518 2289 desinens
1557 2230 1731 2293 dederit

506 2343 695 2420 ‚poets”.
720 2341 821 2419 Quale
845 2354 932 2400 nunc
954 2339 1138 2415 repperisse
1160 2339 1245 2400 mihi
1267 2340 1389 2401 videor.

501 2583 557 2644 Vs.
585 2584 680 2643 1376.
748 2579 821 2640 Vid.
849 2579 890 2639 ad
914 2594 963 2639 ve.
991 2578 1087 2639 1296.

500 2822 556 2883 Vs.
584 2821 679 2882 1385.
766 2814 817 2879 nal
839 2812 923 2877 παῖδ’
949 2815 1086 2897 ἐνόρχην,
1110 2816 1229 2896 ὅσπερ
1253 2817 1372 2895 οἴσει,
1394 2819 1482 2880 τόνδε
1505 2837 1562 2881 σοι.

544 2937 698 2996 Fortasse
721 2933 849 2993 dedisse
873 2932 1116 2993 existimandus
1139 2933 1190 2992 est
1211 2935 1309 3007 poete
1335 2927 1375 3004 ὃς
1397 2934 1612 3008 περιοίσει,
1638 2940 1727 3011 quod

500 3056 595 3111 acute
625 3048 765 3108 coniecit
794 3045 963 3107 Richards.
995 3045 1078 3105 Nem
1112 3046 1168 3105 vix
1197 3048 1282 3106 satis
1305 3050 1393 3107 recte
1416 3047 1450 3107 in
1473 3048 1531 3108 tali
1555 3052 1728 3111 sententia

498 3162 599 3221 habet
622 3160 721 3237 ὅσπερ.
743 3160 944 3235 Expectetur
961 3159 1049 3219 enim
1068 3161 1190 3240 potius,
1204 3160 1308 3231 ὅστις
1332 3160 1451 3235 οἴσει,
1470 3163 1540 3237 qui
1559 3168 1724 3241 portet,
1839 3155 1840 3164 ’

498 3291 598 3348 quem
622 3273 713 3352 ὅσπερ
737 3273 825 3347 οἴσει,
848 3275 917 3346 qui
941 3274 1143 3349 portabit.
1838 3274 1839 3353 l

499 3514 553 3574 Vs·
581 3515 675 3578 1387.
763 3513 855 3573 Dem.
880 3511 1025 3592 μακάριος
1049 3510 1090 3582 εἰς
1114 3509 1237 3589 τάρχαῖα
1261 3510 1299 3588 δὴ
1322 3514 1573 3591 καθίσταμαι.

542 3628 687 3702 Append.
713 3627 763 3687 ad.
789 3627 881 3686 Stud.
905 3625 985 3686 crit.
1008 3642 1038 3699 p.
1060 3626 1120 3685 30:
1147 3626 1281 3700 „Nonne
1305 3627 1593 3703 pectoraperl”
1617 3630 1723 3692 Recte
1836 3660 1837 3667 ι

496 3755 532 3800 se
562 3736 699 3802 haberet
729 3740 878 3814 vulgata,
911 3755 948 3798 se
977 3739 1124 3798 additum
1156 3739 1240 3798 feret
1268 3730 1388 3811 αὖθις
1418 3743 1477 3801 sut
1498 3742 1609 3803 simile
1630 3746 1722 3818 quid.
1835 3808 1836 3831 ¹

495 3852 607 3913 Possis
641 3855 742 3913 etiam
773 3868 849 3913 cum
879 3853 1053 3926 Blaydesio
1082 3852 1260 3912 rescribere
1290 3852 1331 3924 εἰς
1359 3851 1547 3931 τάρχαῖον
1571 3847 1632 3929 οὗ,
1662 3859 1720 3918 sed

495 3967 605 4027 minus
628 3966 695 4026 leni
717 3967 912 4027 mutatione.

299 4159 304 4167 Ι
418 4202 422 4216 “
495 4206 549 4265 Vs.
576 4207 671 4266 1399.
741 4205 812 4265 Vid.
837 4206 996 4265 Mnemos.
1020 4205 1041 4265 l.
1061 4205 1083 4266 l.
1107 4221 1138 4280 p.
1163 4208 1216 4266 45.

493 4431 546 4491 Vs.
575 4434 658 4492 1404
683 4449 730 4506 sq.
801 4433 871 4494 Vid.
898 4435 1017 4495 Mnem.
1044 4433 1152 4492 XXIV
1177 4450 1206 4509 p.
1232 4436 1306 4495 298.
