3867 6450
765 1066 827 1125 119

193 1252 341 1313 Vetto.
420 1253 566 1327 Append.
590 1253 631 1312 ad
662 1253 753 1313 Stud.
785 1251 863 1314 crit.
894 1270 925 1329 p.
960 1255 1001 1314 19
1032 1269 1092 1328 sq..
1123 1254 1196 1314 coll.
1227 1255 1301 1314 Pac.
1330 1255 1406 1328 413,

194 1365 348 1425 malebam
372 1363 484 1443 ἔχωμεν
506 1363 609 1442 odeat,
631 1365 689 1426 sed
712 1365 795 1426 nihil
819 1367 1028 1427 mutandum.
1053 1365 1100 1426 cf.
1124 1369 1204 1427 nota
1227 1368 1375 1427 editoris.

192 1580 263 1640 Vss.
292 1583 354 1642 742
384 1597 432 1655 sq.
513 1581 680 1644 vocabula
713 1581 802 1661 ιιήρίιι
835 1585 869 1643 et
902 1583 1037 1654 θσίίσής
1070 1586 1197 1644 temere
1230 1583 1407 1645 sollicitavi

192 1694 299 1756 Herm.
322 1697 343 1756 l.
367 1697 388 1756 l.

193 1907 247 1968 Vs.
270 1911 342 1970 762.
451 1910 917 1993 πῶςς710.πῶς;ῥμδίως.

235 2021 295 2082 Vix
316 2038 437 2084 sanum
460 2026 513 2084 est
535 2022 661 2106 ρμδίυς;
685 2025 770 2098 quod
793 2025 997 2100 probabilem
1021 2039 1157 2086 sensum
1181 2039 1245 2085 non
1266 2025 1408 2100 praebet.

192 2137 322 2196 Accedit
350 2139 436 2211 quod
465 2138 500 2197 in
522 2153 680 2213 responso
702 2140 777 2212 post
798 2147 860 2208 πῶς
887 2139 981 2212 sequi
1003 2139 1089 2199 solet
1112 2135 1201 2209 ὅπως.
1223 2137 1307 2198 Vere
1330 2145 1408 2210 πῶς

192 2246 261 2325 γὰρ
287 2248 344 2321 σιἰς
368 2251 548 2311 coniecisse
570 2252 703 2312 videtur
725 2252 841 2313 editor.

194 2451 246 2510 Vs·
269 2454 341 2514 776.
450 2450 709 2532 ἐπιτρίψουσι
735 2453 800 2533 γάρ.

233 2565 431 2642 Expectatur
469 2563 671 2646 ἐπιτρίψει
711 2589 754 2644 με
791 2567 862 2647 γάρ,
900 2584 961 2629 nec
1002 2571 1117 2629 tamen
1151 2569 1200 2628 ita
1233 2568 1407 2643 scripsisse

191 2681 317 2750 poetam
343 2684 481 2756 apparet
502 2696 544 2741 ex
567 2681 719 2755 quaesita
737 2681 931 2742 assonantia
952 2681 1130 2742 verborum
1153 2678 1273 2760 ίέμσυσι
1298 2679 1410 2760 (ἐροῦσι

192 2789 285 2868 (lob),
307 2793 453 2870 φήσουσι,
476 2769 688 2871 ἀπιστήσουσι,
711 2792 909 2871 ἐπιτρίψουσι.
926 2795 1045 2854 Restat
1064 2796 1101 2853 ut
1123 2795 1281 2868 putemus
1304 2794 1407 2854 homi·

191 2920 264 2965 nem
285 2908 334 2967 ira
355 2909 517 2980 percitum
541 2907 680 2968 delirare
703 2922 763 2967 nec
782 2906 867 2967 scire
886 2907 962 2980 quid
979 2907 1050 2982 ipse
1068 2906 1172 2980 dicat;
1198 2921 1299 2966 sensu
1318 2907 1407 2968 enim

190 3019 301 3080 idoneo
323 3022 404 3081 baec
428 3020 527 3081 verba
549 3023 672 3080 carent.

108 3249 109 3262 ι
191 3220 245 3284 Vs.
268 3226 342 3286 804.
410 3226 530 3285 linem.
559 3224 590 3284 X
615 3242 646 3301 p.
678 3224 720 3285 88
751 3223 906 3300 proposui
935 3220 973 3283 et
1003 3217 1030 3283 δ’
1065 3220 1118 3284 ἐίι
1150 3231 1221 3283 νῦν
1252 3220 1407 3301 μέλλεις

190 3340 257 3409 (pro
277 3335 485 3416 ἐπιθυμήσεις)
507 3335 618 3417 φέρειυ.
637 3338 799 3399 Futurum
818 3337 951 3411 quidem
971 3340 1060 3399 recte
1078 3339 1191 3399 tuetur
1210 3339 1407 3413 vLeeuwen‚

189 3450 247 3511 sed
279 3453 389 3512 minus
422 3453 538 3526 aptum
570 3451 700 3511 videtur
730 3452 840 3525 ipsum
870 3450 1008 3510 verbum
1044 3448 1216 3527 ἐπιθυμεῖν,
1248 3450 1325 3523 quie
1354 3450 1407 3510 bic

188 3567 293 3639 agitur
315 3567 353 3626 de
373 3566 516 3640 parendo
537 3566 675 3640 imperio
693 3564 836 3639 publico,
861 3579 926 3623 non
947 3565 987 3624 de
1005 3564 1204 3638 indulgendo
1224 3563 1406 3637 cupiditati.

188 3778 244 3839 Vs.
260 3782 331 3843 806
355 3796 425 3855 sqq.
492 3779 539 3841 De
562 3780 729 3842 sententia
752 3778 793 3841 oi.
818 3780 931 3840 Herm.
955 3779 976 3839 l.
997 3778 1018 3839 l.

188 3992 242 4054 Vs.
265 3996 340 4057 841.
410 3996 501 4056 Stud.
526 3996 598 4056 crit.
621 4012 652 4071 p.
678 3995 719 4054 73
743 3995 916 4070 proposui:

444 4124 452 4129 ·
850 4104 886 4166 τὰ
908 4107 1053 4185 τεμάχήῆ
1083 4126 1098 4155 ⁴
1128 4127 1143 4156 ε

583 4240 599 4269 ⁴
627 4241 643 4269 s
672 4240 687 4269 s
723 4219 781 4282 <τὸ
804 4229 893 4300 πῦρ)
922 4219 1072 4299 ῥιπίζεται.

229 4336 371 4396 Editoris
399 4336 555 4411 vulgatae
586 4335 844 4411 explicationem
881 4334 1046 4395 sermonis
1076 4333 1192 4394 Graeci
1224 4335 1407 4408 proprietas

187 4461 250 4507 non
272 4448 430 4509 admittit.

185 4660 240 4721 Vs.
265 4662 340 4722 848.
415 4662 567 4722 Nondum
598 4662 745 4735 poenitet
776 4674 830 4720 me
858 4657 981 4719 ibidem
1011 4658 1110 4718 titulo
1142 4656 1211 4719 OIG
1241 4659 1257 4717 Ι
1287 4673 1317 4732 p.
1343 4658 1408 4719 490

183 4774 369 4835 defendisse
398 4778 514 4835 contra
543 4773 762 4849 Dindorfium,
786 4788 884 4847 quem
908 4772 1016 4832 editor
1040 4772 1176 4832 secutus
1198 4774 1263 4845 est,
1288 4784 1409 4831 nomen

183 4888 351 4963 proprium
380 4884 492 4966 Γέρσν,
522 4887 607 4961 quod
637 4889 775 4963 propter
804 4863 863 4946 vs.
886 4885 949 4946 952
981 4885 1126 4945 mutavit
1153 4884 1186 4943 in
1216 4880 1319 4961 Ptous-
1343 4880 1407 4943 Gur

182 5001 272 5061 enim
302 5000 353 5061 bis
381 5001 478 5076 poeta
505 5001 626 5061 lusisse
649 5000 884 5061 existimemus
903 4999 937 5057 in
960 4998 1076 5059 eodem
1100 4997 1248 5073 nomine,
1274 4975 1406 5056 cumin

182 5112 309 5174 duobus
331 5114 469 5174 liceret?
