3867 6450
1476 1055 1556 1112 97

420 1241 544 1300 Non
602 1243 828 1304 habere
871 1245 1289 1304 accusativos
1335 1245 1402 1302 in
1449 1243 1684 1302 horum
1733 1257 2044 1302 versuum
2093 1243 2328 1303 ultimo
2375 1244 2548 1303 unde
2592 1262 2737 1318 psa

353 1353 514 1413 deant
570 1370 717 1416 vere
772 1356 1151 1416 observavit
1193 1355 1585 1414 vLeeuwen.
1635 1355 1867 1414 Nescio
1915 1369 2027 1429 an,
2078 1353 2294 1414 deleto
2340 1353 2621 1432 πρότερος
2673 1362 2745 1414 ut.

353 1479 515 1536 pravo
557 1466 817 1530 lacunae
864 1468 1349 1544 supplemento,
1398 1466 1747 1540 legendum
1795 1466 1910 1525 sit:
2395 1552 2398 1554 v

830 1581 1103 1657 δάκνειν,
1149 1573 1462 1655 ὃάκνεσθ’,
1508 1578 1563 1637 εἰ
1613 1577 2054 1655 (βασανίσαι)
2108 1578 2298 1662 τούτῳ
2347 1578 2519 1639 δοκεῖ

828 1691 1015 1771 τᾶπη,
1059 1692 1131 1752 τὰ
1176 1690 1351 1771 μέλη,
1395 1691 1467 1751 τὰ
1512 1700 1697 1768 νεῦρα
1746 1700 1847 1767 τῆς
1894 1691 2246 1775 τραγῳδίας.

425 1805 720 1866 Secuntur
760 1808 946 1867 haec:

829 1918 931 1979 καὶ
975 1919 1051 1997 νὴ
1102 1920 1217 1979 Δία
1264 1920 1367 1978 τὸν
1417 1918 1623 1995 Πηλέα
1668 1941 1733 1999 γε
1779 1918 1878 1978 καὶ
1926 1919 2030 1978 τὸν
2077 1918 2302 1979 Αἴολον

829 2031 931 2092 καὶ
977 2032 1079 2092 τὸν
1128 2030 1483 2110 Μελέαγρον
1530 2029 1663 2090 κᾶτι
1710 2030 1866 2107 μάλα
1912 2030 2016 2090 τὸν
2069 2031 2363 2107 Τήλεφον.

428 2141 533 2202 Cur
564 2161 794 2218 paucae
833 2148 958 2207 hae
987 2148 1362 2221 tragoediae
1396 2161 1480 2206 ex
1518 2145 1848 2222 plurimiS,
1891 2160 2055 2218 quas
2085 2147 2351 2220 scripsit
2374 2147 2741 2222 Euripidae,

362 2258 697 2318 nominatim
730 2263 1195 2320 recenseantur
1240 2275 1348 2319 me
1386 2259 1571 2319 latet.
1619 2259 1790 2318 Num
1839 2261 1999 2318 sunt
2043 2260 2310 2333 genuini
2359 2260 2425 2318 hi
2475 2266 2745 2321 versus?

363 2454 447 2516 VS.
488 2459 620 2523 866.
759 2435 770 2439 ’
831 2433 1178 2537 ἐβουλόμην,
1216 2455 1324 2536 μὲν
1371 2459 1482 2519 οὐκ
1531 2457 1740 2533 ἐρίζειν
1788 2457 2026 2517 ἐνθάδε.

429 2570 699 2645 Neglexit
750 2574 959 2633 editor
1005 2589 1529 2634 commemorare
1576 2572 1979 2648 probabilem
2028 2588 2137 2633 me
2184 2573 2398 2634 iudice
2446 2576 2743 2634 Meinekii

368 2685 750 2745 coniecturam
800 2682 908 2761 μὲν
963 2682 1181 2750 (ἂν).
1230 2684 1321 2746 Cf.
1374 2701 1487 2781 νε..
1523 2687 1651 2746 673
1701 2689 1766 2744 et
1814 2684 2007 2758 Vesp.
2059 2686 2210 2746 960.

368 2881 447 2941 Vs.
489 2887 619 2946 870.
755 2887 845 2947 Cf.
895 2887 1189 2961 Append.
1238 2888 1320 2947 ad
1367 2887 1549 2947 Stud.
1600 2888 1743 2947 crit.
1792 2886 1833 2946 l.
1861 2886 1902 2946 1.

366 3083 447 3144 Vs.
487 3088 616 3148 906.
755 3087 895 3148 Vid.
946 3090 1186 3149 Mnem.
1235 3088 1393 3147 XXI
1439 3105 1499 3162 p.
1557 3090 1639 3148 52
1690 3093 1755 3148 et
1800 3088 2020 3148 XXIV
2066 3105 2126 3163 p.
2179 3090 2326 3150 285.

368 3273 447 3335 Vs,
487 3278 616 3339 925.
754 3280 1249 3357 μορμορωπά.
1316 3280 1555 3339 Mnem.
1612 3279 1829 3338 XXIV
1875 3295 1935 3354 p.
1989 3281 2119 3341 285
2169 3281 2414 3341 contuli
2464 3282 2745 3355 Hesynb.

363 3387 603 3467 μόρμυρος
651 3390 753 3451 καὶ
790 3392 1235 3471 μορμυραία(“.>)·
1271 3391 1463 3468 φόβος
1501 3392 1844 3470 (φοβερόςῖ)
1886 3396 1953 3452 et
1992 3394 2407 3454 homericum
2449 3390 2749 3471 μέρμερυς.

366 3501 669 3566 vLeeuwen
717 3506 797 3565 de
842 3520 963 3564 suo
1010 3505 1187 3572 dedit
1233 3503 1737 3581 μορμονωπά.

365 3684 443 3745 Vs.
482 3691 615 3751 929.
754 3690 897 3756 Vid.
948 3691 1128 3750 Stud.
1181 3690 1322 3750 crit.
1372 3705 1432 3764 p.
1485 3691 1588 3750 70.

362 3870 441 3932 Vs,
478 3876 590 3936 937
640 3892 779 3950 sqq.
919 3876 1011 3935 Ob
1048 3891 1318 3935 causam
1347 3875 1591 3935 ibidem
1624 3876 1995 3949 expositam
2032 3875 2351 3950 hodieque
2377 3891 2506 3935 non
2535 3875 2749 3935 solum

287 4010 296 4024 ·
359 3998 469 4045 cum
516 3989 878 4049 Fritszchio
932 3990 1021 4058 (et
1065 3988 1479 4058 Leeuwenio)
1529 3989 1785 4048 Baccho
1846 3988 2067 4049 tribuo
2117 3988 2319 4048 verba
2363 3993 2621 4067 κρεῖττον
2681 4023 2749 4031 ---

360 4109 559 4173 σαυτοῦ,
604 4102 716 4161 sed
767 4102 969 4160 etiam
1019 4100 1111 4158 καὶ
1162 4099 1472 4159 τευτλίοισι
1518 4104 1749 4171 λευκοῖς
1797 4101 2105 4170 (fortasse
2153 4103 2327 4160 iusto
2364 4101 2629 4174 longius
2673 4103 2753 4159 ibi

358 4223 693 4285 progressus
755 4214 815 4273 ei
863 4213 1235 4273 tribuebam
1298 4213 1522 4272 omnia
1570 4213 1767 4273 verba
1813 4209 1912 4271 καὶ
1965 4212 2306 4288 περιπάτοις
2351 4245 2432 4252 —-
2477 4209 2757 4288 ἀπηθῶτϋι

358 4324 404 4380 et
438 4326 877 4401 Κηφισοφῶντα
925 4326 1189 4403 μειγνύς.

356 4509 431 4575 VS.
471 4516 619 4573 949.
838 4509 953 4572 ἀλλ’
1007 4512 1197 4592 ἔλεγεν
1245 4509 1283 4590 ἡ
1332 4486 1487 4591 γυνή
1534 4534 1592 4571 τε
1640 4535 1740 4588 μοι
1786 4508 1868 4591 χώ
1916 4512 2133 4582 δοῦλος
2181 4508 2364 4570 οὐδὲν
2409 4502 2586 4588 ἦττον

842 4623 939 4705 χώ
1000 4627 1387 4701 δεσπότης
1435 4623 1507 4703 χή
1554 4623 1860 4703 παρθένος
1906 4621 1980 4701 χή
2026 4632 2213 4703 γραῦς
2261 4621 2353 4683 ἄν.

415 4738 537 4799 Soli
575 4711 744 4813 patri
780 4739 1073 4799 familias
1113 4739 1305 4813 plena
1345 4743 1486 4798 erat
1534 4741 1853 4813 παρρησία.
1893 4737 2036 4797 Iam
2083 4737 2545 4804 Richardsium
2576 4735 2761 4794 viden

351 4849 722 4912 intellexisse
790 4852 1163 4912 necessario
1236 4851 1691 4924 corrigendum
1760 4865 1907 4909 esse
1968 4857 2103 4908 τοῦ
2176 4848 2592 4921 δεσπότου,
2657 4851 2761 4919 qui

321 4942 556 5024 'nollem
604 4964 966 5025 addidisset
1020 4965 1301 5024 alteram
1352 4964 1795 5024 coniecturam
1853 4959 1891 5038 ἢ
1941 4960 2259 5036 δεσπότης,
2303 4962 2568 5035 propter
2613 4963 2761 5019 arti-

349 5077 443 5134 culi
489 5076 861 5136 absentiam
913 5077 1407 5151 repudiandam.

427 5190 472 5223 v.
498 5180 559 5223 H.
