3867 6450
1076 1048 1116 1107 10

528 1237 610 1311 Quin
641 1239 729 1298 recte
755 1236 924 1298 Hamalrer
946 1252 963 1297 e
987 1235 1108 1297 litteris
1132 1236 1306 1295 ΑΧΑΙΩΝ
1328 1235 1478 1298 elicuerit
1500 1235 1708 1295 ΠΑΛΑΙΩΝ

482 1364 548 1411 non
571 1349 698 1426 dubito,
722 1350 780 1411 sed
807 1349 868 1411 sub
894 1350 1136 1409 AYTHNTHN
1159 1349 1263 1410 latere
1286 1364 1406 1410 nomen
1431 1347 1585 1427 Αὐτοκλῆ,
1607 1364 1706 1424 quem

481 1463 647 1524 famosum
679 1462 877 1525 luctatorem
910 1462 1013 1524 fuisse
1043 1462 1162 1539 voluit,
1198 1462 1325 1523 nemini
1358 1463 1465 1539 potuit
1500 1463 1706 1537 persuadere.

482 1577 589 1637 Huius
611 1577 712 1652 igitur
736 1578 873 1637 invento
897 1576 946 1637 sic
967 1578 1053 1652 utar,
1074 1578 1112 1636 ut
1135 1591 1193 1651 pro
1220 1576 1332 1651 ignoto
1351 1576 1486 1637 homine
1505 1575 1707 1637 substituam

480 1692 572 1752 fama
596 1690 899 1752 celebratissimum
923 1690 1120 1751 luctatorem
1142 1690 1344 1767 mythicum,
1369 1691 1573 1766 reponendo:

748 1798 815 1864 οὐδ’
842 1800 880 1863 ἂν
904 1807 1080 1876 Ἀνταῖος
1103 1803 1282 1864 παλαίων
1306 1802 1416 1887 ῥαδίως
1439 1800 1586 1883 ἠνέσχετο.

483 1918 530 1980 uf.
555 1919 675 1979 linem.
700 1918 796 1977 XXX
818 1933 849 1993 p.
874 1918 916 1979 38
940 1933 989 1992 sq.

528 2094 574 2157 De
596 2112 664 2158 vsa.
690 2097 754 2156 724
779 2099 812 2157 et
833 2097 897 2157 748
917 2097 1076 2159 lectorem
1095 2097 1204 2171 relego
1223 2096 1264 2158 ad
1284 2096 1405 2158 linem.
1425 2096 1520 2156 XXX
1538 2112 1569 2172 p.
1590 2098 1643 2157 39.

483 2272 539 2335 Vs.
563 2275 638 2334 727.
707 2270 843 2351 φανερὰν
867 2272 984 2350 ζαμίαν.
1008 2273 1131 2334 Eodem
1154 2288 1254 2334 sensu
1277 2270 1398 2351 λαμπρὰ
1417 2272 1507 2350 ζημία
1529 2273 1709 2367 Alciphmii

484 2388 540 2462 Ep.
560 2385 591 2446 li
612 2388 654 2448 36
674 2390 692 2459 5
714 2387 729 2445 1
753 2386 814 2456 (ed.
836 2386 999 2462 schepers
1016 2400 1067 2462 ap.
1084 2385 1230 2457 Tenba).
1251 2386 1297 2447 (ii.
1315 2385 1404 2463 ζημία
1420 2385 1542 2464 καθαρά
1558 2386 1590 2446 ΙΙ
1610 2386 1706 2448 1851.

484 2577 540 2639 Vs.
565 2579 640 2637 744.
749 2578 869 2652 Megar.
894 2571 952 2635 ἀλλ’
980 2574 1155 2653 ἀμφίθεσθε
1170 2574 1225 2638 ,καί
1248 2574 1337 2636 ταδί
1360 2575 1395 2636 τὰ
1418 2576 1532 2657 ῥυγχία.

529 2691 726 2765 Suspectum
777 2694 828 2751 est
875 2692 909 2751 in
959 2690 1122 2766 Megarico
1171 2706 1337 2768 sermone,
1386 2694 1423 2753 ut
1472 2691 1710 2754 animadvertit

485 2804 682 2880 vLeeuwen,
715 2804 865 2865 Atticum
888 2801 985 2864 vati.
1011 2805 1098 2865 Num
1121 2805 1206 2866 forte
1227 2805 1405 2881 legendum
1427 2781 1482 2864 καί
1504 2799 1588 2864 τάδ’
1621 2801 1709 2882 ἐμίν

483 2940 506 2976 τ.
537 2916 587 2996 p?
617 2919 669 2979 An
700 2918 949 2993 praeferendum
980 2917 1051 2980 τάδε
1084 2916 1138 2997 δὴ,
1171 2919 1292 2981 collata
1322 2919 1415 2980 varia
1447 2919 1588 2980 lectione
1623 2919 1710 2995 apud

483 3032 699 3092 scholiastam
723 3028 758 3090 τὰ
782 3029 844 3109 cipi
1235 3020 1245 3033 '

433 3245 445 3259 ·
484 3209 539 3271 VS.
564 3210 639 3270 829.
750 3201 836 3270 οἷον
860 3208 892 3271 τὸ
915 3209 1010 3272 κακὸν
1033 3207 1065 3271 ἐν
1089 3215 1151 3283 ταῖς
1174 3210 1317 3285 Ἀθάναις
1340 3207 1441 3273 τοῦτ’
1468 3209 1522 3273 ἔνι.

530 3324 604 3384 Scil.
646 3324 880 3399 sycophantae.
916 3325 1024 3386 Huius
1059 3326 1122 3387 loci
1160 3329 1212 3388 est
1246 3325 1356 3404 ὅσον,
1390 3330 1606 3402 quantum,
1643 3342 1710 3388 non

485 3437 609 3512 quale
633 3437 770 3499 malum.
796 3439 858 3499 Pro
881 3433 985 3498 τοῦτ’
1012 3441 1043 3499 in
1068 3440 1221 3501 Doriensi
1240 3456 1296 3502 ore
1319 3434 1474 3518 expectes
1496 3433 1588 3517 τῆν’.

485 3627 540 3689 Vs.
565 3628 640 3688 831.
705 3628 773 3689 Dic.
798 3626 849 3688 ναὶ
872 3633 954 3708 χαῖρε
977 3625 1069 3690 πόλλ’.
1093 3631 1212 3707 Megar.
1236 3625 1295 3690 ἀλλ’
1321 3608 1393 3708 ἁμίν
1417 3630 1475 3692 οὐκ
1498 3629 1667 3710 ἐπιχώριον.

707 3742 774 3804 Dio,
798 3744 1078 3826 πρλυπραγμοσύνη
1101 3752 1159 3803 νῦν
1184 3745 1303 3815 (editur
1324 3749 1393 3816 νυν)
1417 3743 1459 3816 εἰς
1481 3742 1616 3822 κεφαλὴν

1393 3853 1569 3934 τράποιτ’
1598 3856 1672 3935 ίμοί.

529 3969 630 4029 Recte
662 3969 793 4030 articuli
822 3970 974 4031 absentia
1000 3973 1112 4031 motus
1136 3972 1319 4032 vLeeuwen
1342 3972 1462 4033 iniuria
1484 3972 1608 4048 recepit
1629 3971 1709 4032 infe·

484 4081 681 4142 licissimum
714 4083 913 4144 Viirtireimii
948 4085 1173 4145 coniecturam
1208 4089 1488 4164 ,noionpoypovaig
1523 4086 1613 4164 σύγ’,
1644 4100 1711 4159 qua

482 4198 547 4260 loci
570 4198 749 4274 sententia,
774 4214 874 4273 quam
898 4201 968 4274 ipse
996 4199 1078 4260 bene
1102 4201 1251 4275 exponit,
1275 4201 1446 4260 evertitur.
1477 4199 1711 4261 Ouriositatem

485 4311 573 4371 enim
607 4308 811 4386 Dicaeopolis
852 4328 948 4373 suam
982 4313 1101 4388 ipsius,
1138 4312 1223 4386 quod
1266 4316 1359 4391 Χαῖρε
1393 4313 1487 4373 πολλά
1522 4314 1710 4374 miserrimo

484 4428 611 4489 homini
634 4429 788 4505 dixisset,
811 4430 910 4491 huius
929 4445 1089 4505 responso
1109 4430 1311 4507 admonitus,
1333 4446 1408 4491 eum
1427 4430 1535 4490 ironia
1553 4431 1711 4505 increpat.

531 4542 629 4602 Omni
653 4557 729 4603 vero
757 4543 947 4604 difficultate
968 4544 1024 4604 hic
1046 4543 1138 4604 locus
1162 4546 1286 4619 careat,
1310 4544 1340 4603 si
1362 4545 1642 4622 πολυπραγμοσύνη
1664 4545 1711 4603 sit

484 4655 672 4730 vocativus,
699 4659 732 4716 et
755 4671 820 4715 una
843 4657 950 4717 deleta
973 4657 1108 4717 literula
1131 4657 1419 4732 rescripserimus:

752 4770 1044 4848 πολυπραγμοσύνη,
1066 4778 1125 4828 νῦν
1148 4769 1189 4840 εἰς
1212 4768 1348 4846 κεφαλὴν
1371 4764 1526 4848 τράποι’
1554 4767 1627 4846 ἐμοί.

529 4881 644 4942 Paullo
668 4883 775 4957 aliter,
799 4884 837 4942 ut
859 4885 976 4958 postea
999 4883 1081 4959 vidi,
1106 4899 1177 4944 rem
1201 4883 1333 4958 expedit
1356 4882 1509 4943 Willems
1531 4883 1552 4942 l.
1566 4883 1587 4942 1.
1611 4897 1642 4957 p.
1668 4883 1710 4942 25

485 4994 671 5068 languidius
693 5010 868 5069 reponens:

752 5109 1029 5188 πολυπραγμοσύνη
1048 5103 1161 5169 ’στιν
1185 5109 1226 5183 είς
1249 5108 1384 5188 κεφαλὴν
1408 5102 1537 5190 τράποιτ’
1562 5105 1636 5188 ἐμοί.
