3867 6450
1081 1126 1123 1185 26

490 1310 545 1371 Vs.
571 1311 646 1371 809.
716 1311 807 1372 Stnd.
831 1310 903 1372 crit.
927 1329 959 1395 p.
983 1312 1026 1372 50
1050 1327 1098 1385 sq.
1123 1316 1256 1387 propter
1279 1330 1328 1375 vs.
1355 1312 1417 1375 797
1434 1331 1483 1389 sq.
1504 1314 1717 1389 requirebam

490 1424 584 1485 αὐτοῦ
607 1440 665 1499 pro
689 1432 801 1483 necron
824 1424 985 1498 hodieque
1009 1427 1151 1499 requiro.

493 1678 546 1738 Vs.
572 1679 647 1739 814.
718 1677 907 1756 Μεγάλην
934 1693 992 1753 pro
1015 1676 1124 1754 μεστήν
1146 1693 1212 1738 non
1234 1679 1435 1754 Leeuwenii,
1460 1681 1518 1740 sed
1543 1695 1618 1740 mea
1643 1694 1719 1738 con·

490 1794 616 1853 iectura
636 1794 701 1867 est,
723 1792 891 1867 proposita
909 1792 1024 1852 Exere.
1044 1790 1123 1851 Orit.
1144 1792 1222 1851 VIII
1240 1796 1374 1867 propter
1386 1794 1572 1867 oppositum
1586 1813 1719 1869 μικρο-

490 1904 611 1975 πολίτας
632 1920 678 1965 vs.
697 1905 772 1965 817.
794 1904 840 1965 uf.
862 1905 1020 1965 Mnemos.
1040 1904 1061 1964 1.
1075 1905 1095 1964 i.
1116 1922 1146 1979 p.
1167 1907 1222 1967 45.
1245 1940 1284 1949 -
1305 1907 1432 1967 Ibidem
1451 1908 1504 1981 egi
1520 1908 1560 1967 de
1574 1922 1622 1967 vs.
1637 1907 1718 1966 853.

490 2156 545 2217 Va.
582 2158 656 2219 819.
759 2158 954 2218 Emendatio
998 2174 1073 2219 mea
1114 2156 1239 2236 ἔφευγεν
1280 2174 1338 2233 pro
1377 2158 1496 2237 φεύγει,
1529 2162 1664 2233 recepta
1699 2174 1719 2217 a

490 2271 699 2347 Leeuwenio‚
731 2271 851 2345 legitur
879 2271 971 2331 Stud.
1006 2272 1078 2332 crit.
1101 2288 1132 2346 p.
1157 2270 1282 2333 5101.
1307 2272 1421 2333 Herm.
1445 2272 1555 2331 XXIV
1577 2289 1608 2347 p.
1634 2274 1714 2333 608.

489 2520 545 2581 VS.
582 2520 658 2580 892.
738 2518 794 2579 οὐκ
829 2520 870 2591 εἰς
905 2519 1036 2597 κόρακας
1066 2483 1253 2601 ἀμοφθερεῖς
1284 2522 1398 2601 βῦροης
1429 2520 1570 2581 κάκιστον
1601 2518 1717 2592 dcem

490 2634 579 2693 Haec
613 2633 770 2693 librorum
804 2634 903 2694 lectio
937 2634 1045 2708 magis
1075 2635 1166 2695 iuvet
1199 2636 1364 2711 Lentingii
1399 2636 1593 2697 correctioni
1624 2631 1717 2706 ὄζον

490 2761 589 2820 qnam
620 2746 807 2807 Koclrienae
838 2744 1041 2825 ἀποφθερεῖς;
1066 2782 1106 2791 -
1131 2745 1147 2807 ὅ
1155 2749 1227 2825 ζει,
1250 2764 1349 2823 quam
1373 2751 1495 2826 recepit
1520 2750 1718 2809 vLeeuwen.

489 2861 556 2920 Nec
586 2874 664 2921 vero
696 2876 715 2920 a
741 2860 975 2936 probabilitate
999 2861 1154 2921 abhorret
1175 2864 1223 2923 ite
1245 2863 1352 2923 diccre
1375 2862 1517 2922 Demum
1542 2863 1581 2922 ad
1606 2863 1719 2936 ipsum

489 2972 640 3050 pallium,
666 2974 751 3047 quod
774 2973 922 3035 oblatum
950 2974 1016 3034 sibi
1039 2990 1058 3034 a
1081 2975 1292 3049 Paphlagone
1313 2975 1581 3049 indignabundus
1602 2976 1717 3035 ubicit.

490 3086 558 3161 Qua
587 3090 720 3161 recepta
753 3087 999 3162 emendatione,
1029 3088 1131 3148 simul
1162 3088 1321 3149 eximiam
1351 3090 1545 3149 nancIsmur
1571 3091 1716 3164 paratra-

489 3199 651 3275 goediam.
689 3199 863 3261 SimiIlime
894 3202 984 3260 enim
1019 3200 1205 3262 Cassandra
1238 3203 1324 3277 apud
1358 3202 1559 3277 Aeschylum
1594 3204 1704 3277 Agam

491 3315 571 3374 1261
615 3316 782 3388 sceptrum
823 3317 856 3374 et
892 3315 994 3374 vittas
1033 3315 1178 3375 abiciens
1217 3316 1399 3376 exclamat:
1439 3309 1473 3374 ἴτ’
1500 3315 1556 3388 ,εἰς
1590 3314 1715 3394 φθόρον

487 3425 616 3485 πεσόντα
638 3424 694 3486 κτὲ.

489 3665 544 3726 Vs.
570 3667 645 3726 902.
714 3663 765 3724 nol
787 3663 825 3742 νὴ
850 3660 902 3725 AI'
927 3657 967 3744 ἦν
990 3688 1023 3746 γε
1046 3675 1133 3727 τοῦτο
1156 3667 1425 3747 Πυρράνδρου
1448 3665 1481 3726 τὸ
1505 3667 1679 3746 μηχάνημα.

534 3778 763 3853 Quaecumque
787 3782 838 3839 est
862 3796 940 3840 vera
962 3781 1061 3840 huius
1080 3781 1225 3840 nominis
1245 3780 1437 3855 explicatio;
1450 3781 1490 3840 de
1502 3781 1566 3841 alio
1578 3781 1715 3841 nemine

435 3877 437 3882 ’
488 3893 646 3966 quamde
666 3891 786 3952 Oieone
806 3893 868 3953 dici
887 3895 1035 3968 potuisse
1056 3895 1199 3954 clamare
1212 3895 1436 3956 mihividetur
1448 3894 1511 3954 loci
1523 3897 1715 3955 contextus.

489 4004 534 4065 df.
559 4005 745 4067 Leeuwenii
769 4008 949 4068 adnotatio

488 4256 543 4317 VS.
569 4259 643 4318 910.
756 4260 870 4334 Paphi.
895 4255 1141 4336 ἀπομυξάμενος,
1165 4251 1187 4318 ὦ
1211 4252 1304 4336 Δῆμ’,
1326 4257 1400 4337 ἐμοῦ

1022 4440 1024 4445 ,
1105 4371 1180 4452 πρὸς
1203 4369 1258 4448 τὴν
1280 4370 1416 4449 κεφαλὴν
1440 4369 1562 4448 ἀποψῶ.

754 4485 828 4546 Isiu.
852 4483 925 4561 ἐμοῦ
949 4481 1003 4563 μὲν
1028 4477 1095 4562 οὖν,
1118 4483 1191 4562 ἐμοῦ
1214 4481 1268 4561 μὲν
1292 4476 1356 4546 οῦν.

533 4597 626 4657 Subit
646 4599 759 4659 mirari
780 4601 841 4661 hoc
861 4601 956 4660 unico
976 4600 1048 4660 loco
1068 4601 1274 4674 impudentia
1293 4600 1537 4675 Paphlagonem
1557 4614 1717 4674 superare

487 4710 680 4788 minianum,
713 4713 768 4787 qui
798 4729 929 4788 semper
959 4713 1051 4789 abbi,
1083 4728 1144 4773 nec
1171 4713 1242 4772 sine
1266 4729 1379 4789 causa,
1404 4713 1553 4788 superior
1575 4713 1716 4773 discedit

488 4839 505 4882 e
536 4825 756 4886 contentione.
788 4825 1054 4886 Consentaneum
1086 4828 1138 4886 est
1168 4829 1206 4886 ut
1234 4829 1293 4886 aut
1322 4827 1427 4901 ipsius
1454 4829 1570 4900 poetae
1593 4826 1715 4900 impru·
1836 4846 1837 4859 ¹

488 4935 600 4996 dentia
630 4938 691 4998 hoc
721 4938 848 4998 iactum
878 4936 958 4999 esse
983 4942 1139 5014 putemus
1170 4941 1228 4999 aut
1251 4940 1348 5013 (quod
1371 4941 1483 5015 potius
1506 4940 1715 5011 crediderim)

488 5050 575 5109 circa
604 5050 636 5110 h.
660 5051 681 5110 l.
711 5051 869 5111 nonnulla
898 5053 1034 5126 periisse
1064 5055 1098 5112 et
1120 5053 1379 5128 ArIstophanem
1403 5055 1512 5130 priora
1535 5053 1635 5114 verba
1657 5056 1714 5114 tri·

486 5161 597 5224 buisse
620 5163 826 5242 Agoracrito,
851 5166 1035 5242 posteriora
1058 5165 1179 5229 Olenni.
