3867 6450
1070 1054 1112 1113 66

478 1239 534 1301 Vs.
558 1241 635 1303 467.
1053 1238 1115 1314 Up.
1139 1232 1225 1316 ἡμεῖς
1249 1239 1389 1317 perdici
1412 1238 1507 1313 τίνοςς
1533 1239 1600 1303 Pis.
1625 1239 1717 1318 ὑμεῖς

746 1350 867 1412 πάντων
898 1345 982 1412 ὁπότ’
1017 1349 1110 1430 ἐστίν,
1139 1347 1214 1429 ἐμοῦ
1244 1351 1364 1431 πρώτου
1398 1350 1514 1413 τουδὶ
1544 1350 1610 1413 καὶ
1641 1361 1715 1413 τοῦ

1414 1464 1487 1538 Διὸς
1511 1465 1620 1544 αὐτοῦ,

745 1576 930 1658 ἀρχαιότεροι
959 1575 1098 1656 πρότεροι
1124 1599 1153 1638 ιε
1177 1577 1300 1658 Κρόνου
1323 1575 1374 1638 καὶ
1401 1581 1538 1641 Τιτάνων
1561 1577 1714 1660 ἐγένεσθε.

523 1695 594 1754 Non
629 1695 716 1755 recte
749 1693 920 1754 decurrere
956 1692 1126 1766 vulgatam
1160 1692 1260 1768 probe
1293 1692 1501 1768 intellegens¹
1524 1695 1712 1756 vLeeuwen

479 1811 554 1883 apte
577 1807 617 1867 de
639 1823 699 1868 suo
718 1807 866 1881 reposuit
882 1804 973 1865 τοοιί·
996 1802 1046 1864 καὶ
1065 1802 1121 1884 γὰρ
1141 1802 1214 1876 Διὸς
1233 1803 1337 1864 αὐτοῦ.
1356 1805 1454 1867 Redit
1470 1808 1600 1883 eodem,
1621 1809 1711 1882 quod

479 1920 515 1979 ut
537 1918 644 1980 leniue
666 1917 900 1995 praetulerim:

952 2028 1026 2108 ἐμοῦ
1048 2029 1168 2110 πρώτου
1191 2025 1288 2109 τοῦδ’,
1313 2032 1344 2092 οἳ
1364 2029 1416 2092 καὶ
1438 2041 1491 2092 τοῦ
1516 2031 1587 2104 Διὸς
1611 2031 1710 2092 αὐτοῦ

744 2143 928 2224 ἀρχαιότεροι
958 2141 1096 2232 πρότεροι
1126 2165 1155 2204 ιε
1179 2143 1301 2220 Κρόνου
1324 2142 1375 2205 καὶ
1401 2144 1536 2205 Τιτάνων
1559 2143 1703 2224 ἐγένεσθε

524 2260 648 2334 Nempe
682 2260 810 2318 ΤΟΤΔΙ
836 2259 870 2318 et
897 2257 1054 2316 TOYAOI
1073 2257 1271 2320 Graecorum
1294 2261 1433 2334 nepotes
1456 2259 1612 2321 similiter
1634 2275 1708 2335 pro·

479 2372 653 2432 nuntieeee
675 2372 817 2433 constat.

480 2621 536 2682 Vs.
560 2623 635 2683 495.
704 2620 936 2682 Difficulietem
964 2636 1064 2697 quam
1087 2622 1127 2682 de
1152 2621 1249 2682 verbo
1273 2622 1406 2681 δειπνεῖν
1428 2623 1536 2684 movit
1558 2624 1705 2700 Madvig,

479 2735 617 2794 minime
657 2734 791 2809 expedit
826 2734 1014 2794 Leeuwenii
1047 2735 1319 2795 commentarius.
1355 2733 1436 2795 Vide
1469 2749 1552 2808 quae
1586 2735 1708 2808 scripsi

480 2848 571 2908 Stud.
603 2846 682 2909 Orit.
712 2864 742 2923 p.
768 2849 824 2924 94,
858 2846 913 2908 ubi
939 2849 1095 2923 proposui
1117 2845 1239 2926 ρέρκειν.
1264 2853 1297 2908 et
1320 2849 1439 2908 Mnem.
1464 2847 1545 2907 XIX
1567 2863 1596 2922 p.
1622 2849 1706 2924 391,

480 2961 535 3022 ubi
554 2962 627 3025 coll.
646 2962 730 3022 Eccl.
755 2962 797 3022 82
822 2963 965 3037 cogitavi
988 2963 1027 3023 de
1050 2963 1241 3038 corrigendo
1264 2964 1363 3033 (iusto
1382 2963 1496 3023 tamen
1518 2961 1709 3042 violentius)

480 3072 552 3154 πρὶν
582 3075 720 3135 δύνειν
750 3074 841 3147 τοὺς
871 3073 1037 3155 ἀστέρας
1067 3092 1126 3152 pro
1157 3072 1289 3134 δειπνεῖν
1320 3075 1390 3147 τοὺς
1420 3069 1537 3146 ἄλλους.

477 3356 533 3415 Ve.
557 3357 633 3416 519.
703 3355 847 3430 Append.
870 3356 910 3416 ad
934 3357 1027 3417 Stud.
1052 3355 1129 3419 crit.
1153 3372 1184 3431 p.
1208 3358 1250 3417 94
1274 3358 1407 3431 propter
1432 3370 1497 3418 ves.
1525 3354 1705 3414 514-516

478 3484 536 3544 pro
559 3477 612 3527 ιου
634 3466 707 3540 Διὸς
731 3471 910 3544 expectans
933 3484 1053 3530 nomen
1077 3470 1262 3544 generalius
1286 3469 1409 3530 conieci
1435 3475 1503 3527 τοῦ
1531 3472 1643 3543 θεοῦ,
1666 3469 1708 3526 ut

478 3580 551 3653 Διὸς
573 3583 620 3643 sit
641 3582 810 3658 glossema
832 3583 976 3656 petitum
1000 3598 1016 3643 e
1040 3598 1089 3644 ve.
1114 3584 1190 3644 514.

479 3847 535 3907 Ve.
560 3849 636 3908 594.
745 3846 843 3925 ὥσπερ
864 3840 894 3905 δ’
916 3843 977 3924 ἤδη
995 3846 1126 3916 (malim
1144 3844 1204 3925 ἤδη
1224 3841 1254 3906 δ’
1273 3845 1380 3925 ὥσπερ.
1400 3844 1448 3907 Oi.
1461 3846 1580 3906 Mnem.
1593 3845 1707 3905 XXIV

1161 3977 1192 4036 p.
1218 3961 1293 4032 308)
1317 3959 1388 4031 τοὺς
1411 3957 1613 4037 μαινομένους

744 4066 887 4150 βάλλουσ’
913 4070 1009 4149 ὑμᾶς,
1031 4069 1088 4132 κάν
1111 4077 1193 4144 τοῖς
1217 4072 1342 4151 ἱεροῖς

743 4196 801 4259 ιιᾶς
823 4209 866 4258 τις
889 4180 934 4262 ἐφ’
959 4184 1032 4264 ὑμῖν
1055 4182 1234 4265 ὀρνιθευτὴς

743 4300 840 4378 ἵστησι
861 4298 1004 4378 βρόχους,
1025 4296 1082 4358 κτὲ.

521 4414 656 4488 Recepit
688 4414 871 4474 vLeeuwen
902 4412 1080 4485 Hirschigii
1107 4412 1330 4472 coniecturam
1354 4416 1449 4470 τοῖσιν
1472 4408 1574 4489 ἀγροῖς
1598 4411 1704 4473 eiiene

475 4528 515 4587 de
556 4527 679 4586 leniore
721 4526 939 4601 Meinekiana,
982 4540 1081 4598 quam
1123 4527 1255 4599 propter
1295 4524 1508 4587 notissimum
1544 4523 1703 4585 Herodoti

409 4646 410 4650 ’
476 4639 621 4700 locumi
649 4639 711 4698 189
734 4638 830 4713 longe
853 4638 1082 4714 praetulerim,
1108 4638 1336 4713 corrigendum
1360 4653 1434 4698 esse
1453 4639 1585 4697 mutata
1601 4637 1702 4699 inter·

475 4751 665 4826 punctione:

741 4856 882 4939 βάλλουα’
909 4860 988 4938 ὑμᾶς
1011 4859 1070 4920 ιιᾶν
1094 4866 1155 4933 τοῖς
1180 4861 1284 4942 ἱεροῖς,

742 4984 800 5045 τιας
823 4997 866 5045 τις
890 4968 934 5049 ἐφ’
961 4971 1033 5051 ὑμῖν
1061 4968 1154 5037 (δ’)
1182 4970 1359 5053 ὀρνιθευτὴς

741 5084 839 5162 ἵστησι
860 5085 987 5163 βρόχους
1009 5082 1066 5145 uri.
1171 5088 1173 5099 ’
