3867 6450
1099 1037 1141 1096 62

508 1223 601 1286 Talia
622 1224 722 1285 scribi
744 1239 842 1300 posse
863 1222 1057 1286 florentibus
1076 1237 1177 1296 quam
1196 1223 1345 1286 maxime
1364 1225 1467 1286 etiem
1485 1225 1519 1285 in
1538 1223 1716 1296 Toumierii‚

509 1336 631 1414 Weilfi,
675 1337 815 1398 eliorum
849 1349 1046 1412 magnorum
1082 1335 1273 1397 criticorum
1309 1338 1418 1412 petris
1447 1337 1553 1400 literis
1583 1337 1717 1398 Graecis!

505 1445 543 1510 Ὠ
565 1453 693 1510 Μοῦσαι
714 1449 816 1528 pltea!

552 1565 681 1624 Bonum
707 1563 833 1624 iactum
856 1561 941 1636 quod
965 1561 1082 1623 multis
1104 1561 1200 1623 bonis
1223 1564 1311 1624 uotis
1335 1566 1513 1639 exegeticis
1536 1565 1617 1624 hauc
1637 1563 1667 1622 in
1689 1577 1720 1620 re

466 1721 471 1730 .
509 1678 624 1738 critice
653 1676 916 1737 imbecillitatem
945 1675 1087 1736 redemit
1117 1675 1167 1735 vir
1190 1675 1335 1752 elegans,
1361 1693 1458 1752 quem
1482 1679 1550 1739 iore
1572 1680 1609 1738 ut
1628 1675 1719 1736 etiam

509 1791 544 1852 iu
574 1791 636 1851 hec
665 1789 705 1849 ed
734 1789 908 1850 meliorem
937 1788 1068 1862 frugem
1098 1788 1211 1849 redeat
1239 1804 1282 1850 ex
1312 1789 1416 1850 enimi
1439 1791 1604 1851 sententie
1623 1802 1718 1863 spero.

509 1903 610 1979 Nam,
632 1905 671 1963 ut
692 1906 745 1964 est
767 1902 851 1977 apud
874 1901 1053 1978 tragicum,

776 2017 929 2074 πολλοῖσιν
959 2014 1020 2084 (stc
1046 2014 1126 2076 olim
1157 2017 1286 2076 correxi
1316 2031 1374 2092 pro
1405 2019 1525 2088 πολλοῖς
1549 2013 1592 2086 ἐν)
1613 2011 1720 2081 ἐσθλοῖς

1240 2124 1323 2191 τόνδ’
1348 2127 1514 2190 ἀπωθεῖται
1537 2127 1640 2208 ψόγον.

512 2244 586 2304 Vss.
624 2244 709 2305 1252
744 2258 808 2316 sq.;
852 2242 951 2316 1281;
990 2243 1091 2312 131ος
1129 2242 1359 2304 1820-1501,
1430 2243 1475 2304 (it.
1512 2243 1626 2303 Mnem.
1659 2237 1720 2298 1.1.
1815 2265 1816 2308 r

511 2372 542 2432 p.
567 2357 631 2417 281
654 2371 725 2430 sqq.

1033 3434 1222 3441 ψ-

514 3615 570 3675 Vs.
597 3617 648 3675 14.
716 3614 781 3676 Our
813 3616 1028 3694 πινακοπώλης
1062 3617 1146 3678 mihi
1175 3620 1366 3693 suspectum
1397 3619 1441 3678 sit
1472 3621 1506 3679 et
1536 3614 1724 3689 οποζοπώλης,

514 3728 660 3788 colive.
686 3729 786 3802 1079,
811 3730 1009 3790 coniecerim
1032 3732 1171 3806 exposui
1195 3732 1286 3793 Stud.
1311 3730 1390 3792 0111.
1414 3747 1444 3806 p.
1470 3732 1522 3793 62.

515 3952 571 4013 Vs.
595 3955 648 4015 55.
717 3953 843 4014 Similis
865 3956 956 4016 iocus
980 3960 1031 4018 est
1053 3957 1222 4032 Aristoph.
1245 3958 1286 4018 ir.
1309 3960 1375 4019 530
1398 3958 1438 4019 Κ.

516 4161 572 4226 VS.
596 4165 650 4227 68.
759 4163 837 4225 00101
860 4187 888 4224 τι
911 4164 1012 4226 δεινὸν
1036 4164 1131 4229 οὐδὲ
1153 4167 1313 4228 κάλλιον
1335 4166 1452 4249 λέγειν]

561 4266 743 4338 (ionicieus⁴
764 4273 883 4337 οὐδὲν
912 4276 1025 4339 uteie
1055 4280 1119 4350 (vel
1143 4280 1266 4352 αἰτίους)
1287 4283 1359 4343 coll.
1380 4284 1453 4345 Pac.
1475 4284 1540 4344 626
1559 4286 1594 4345 in
1614 4285 1728 4358 Appon·

516 4389 588 4449 dice
616 4391 657 4450 ad
686 4390 779 4450 Stud.
806 4389 886 4450 Orit.
910 4407 938 4464 p.
965 4392 1006 4450 10
1028 4394 1177 4467 persuasi
1200 4395 1410 4470 Leeuwenio,
1436 4396 1491 4470 qui
1513 4397 1649 4473 recepit,
1672 4403 1729 4452 uon

516 4502 666 4577 persuasi
688 4502 888 4579 Willemeio,
911 4506 968 4578 qui
992 4505 1200 4581 distinguens
1223 4508 1353 4582 virgula
1375 4512 1450 4583 post
1472 4509 1573 4569 δεινόν
1592 4512 1625 4569 et
1644 4507 1729 4568 iuter·

515 4614 652 4689 rogandi
681 4614 776 4689 signo
798 4617 874 4690 post
896 4612 992 4694 λέγειν
1015 4619 1174 4679 traditam
1197 4620 1374 4681 lectionem
1398 4624 1522 4698 tuetur,
1547 4622 1618 4683 coll.
1643 4614 1729 4691 soph·

517 4726 567 4789 m.
591 4727 689 4788 1040.
712 4724 802 4801 Quod
826 4725 899 4787 vids
920 4742 1001 4788 num
1024 4728 1174 4792 sufficiet.

518 4948 575 5010 VS.
599 4951 674 5011 146.
1264 4952 1302 5017 ἕν’
1329 4955 1516 5036 ἀνακύψεται

784 5057 903 5141 κλητῆρ’
927 5060 1030 5144 61γουὸ
1055 5064 1180 5128 ἕωθεν
1203 5066 1222 5145 ἡ
1245 5070 1425 5146 Σαλαμινία.
