3867 6450
1052 1035 1095 1096 74

461 1219 516 1282 Vs.
544 1221 628 1280 1353
652 1235 723 1296 sqq.
791 1221 930 1284 'l'entavl
973 1221 1087 1282 Herm.
1123 1220 1233 1282 xxiv
1266 1239 1297 1297 p.
1333 1225 1398 1284 619
1432 1239 1480 1297 sq.
1516 1225 1565 1286 Ol.
1603 1241 1702 1286 nuno

460 1333 649 1394 Lesuwenll
671 1336 752 1395 nota
775 1335 899 1396 orltlea.

460 1555 517 1617 VS.
544 1558 629 1618 1292
652 1572 701 1633 sq.
811 1556 923 1635 Πέρδιξ
945 1555 1001 1636 μέν
1024 1553 1065 1631 εἷς
1087 1561 1220 1637 κάπηλος
1242 1549 1409 1636 ὠνομάζετο
1431 1558 1436 1640 Ι
1455 1563 1557 1640 χωλός.

505 1669 539 1729 sl
568 1674 656 1730 reete
680 1671 840 1733 traditum
864 1676 917 1734 est
935 1669 991 1748 μὲν
1014 1666 1055 1744 εἷς
1080 1671 1123 1750 (γέ
1146 1695 1188 1744 τις
1213 1674 1381 1750 Blaydes),
1405 1674 1539 1752 κάπηλος
1562 1677 1702 1738 duabus

460 1783 599 1858 virgulis
624 1785 839 1860 saepiendum
867 1789 934 1862 eet,
957 1789 995 1846 ut
1017 1787 1061 1848 sit
1081 1787 1257 1863 appositio,
1283 1802 1403 1864 unus,
1428 1790 1520 1851 soil.
1545 1806 1698 1866 caupo.

462 1896 508 1958 cl.
539 1895 659 1958 Mnem.
690 1898 722 1958 X
752 1915 782 1974 p.
815 1899 870 1962 91.
894 1933 935 1944 -
959 1899 1006 1961 De
1033 1901 1096 1961 boe
1119 1901 1190 1962 loco
1213 1899 1427 1962 conferantur
1449 1917 1533 1976 quae
1556 1905 1702 1978 scripsit

328 2098 332 2107 .
460 2009 501 2071 11.
533 2010 618 2072 'Preu
646 2011 681 2070 ln
712 2009 884 2086 Philologo
914 2027 944 2073 a.
979 2012 1078 2086 1880,
1111 2029 1141 2087 p.
1176 2013 1253 2088 196,
1285 2014 1341 2087 qui
1372 2029 1390 2074 e
1421 2015 1531 2076 codice
1561 2018 1696 2077 miscel·

459 2125 553 2186 laneo
596 2125 745 2186 Palatino
785 2139 871 2187 saec.
907 2125 984 2185 XIV
1022 2127 1196 2201 proverbia
1230 2125 1355 2187 Graeca
1389 2129 1576 2189 continente
1607 2132 1699 2191 citat

462 2235 600 2314 πέρδιξ
631 2235 813 2316 ὄρονοον·
844 2235 911 2298 ἀντὶ
940 2247 995 2298 τοῦ
1018 2238 1126 2318 ταχέως
1153 2237 1240 2316 ἐλθέ,
1263 2236 1421 2319 ἐπειδήπερ
1445 2239 1477 2300 τδ
1501 2243 1577 2324 ζῷον
1599 2250 1697 2302 τοῦτο

460 2353 532 2430 τάχα
565 2353 774 2412 καθάλλεοθοιι
807 2351 932 2427 πέφυκε.
966 2354 1083 2428 Itaque
1116 2351 1220 2429 πέρδιξ
1254 2353 1346 2431 χωλός
1381 2353 1505 2414 dictum
1541 2358 1591 2415 est
1624 2350 1694 2422 κατ’

460 2465 647 2541 ἁντίφραοιν.
682 2466 773 2526 Idem
807 2465 1029 2541 proverbium,
1067 2465 1126 2527 sed
1160 2471 1348 2541 corruptum
1383 2469 1416 2529 in
1450 2471 1698 2546 παραιζοροοοον

460 2579 598 2640 affertur
620 2594 639 2637 a
661 2578 792 2656 Photis,
817 2579 931 2656 suida,
955 2580 1125 2656 Apostolio
1151 2582 1205 2656 13,
1231 2580 1284 2642 87.

460 2808 516 2868 Vs.
543 2806 807 2869 13290t1336.
875 2808 990 2870 Herm.
1021 2808 1042 2870 l.
1063 2808 1084 2869 l.
1120 2809 1244 2870 conieci
1275 2811 1391 2883 φοο1ος
1423 2783 1606 2882 ο1φαολον·
1629 2825 1695 2885 pro

460 2913 555 2990 δειλδς
578 2919 612 2980 ο1
634 2919 851 2994 1116111111
879 2922 919 2980 de
944 2921 1105 2996 nequltia,
1129 2937 1194 2982 non
1218 2922 1258 2981 de
1280 2920 1475 2996 timiditate,
1499 2921 1552 2982 hio
1570 2923 1694 2996 agitur.

460 3032 564 3093 Priori
593 3033 725 3093 tantum
757 3034 867 3093 versui
898 3034 1058 3108 prospicit
1087 3034 1220 3108 Bergkii
1249 3034 1438 3095 coniectura
1461 3033 1565 3110 δῆλος,
1587 3049 1694 3107 quam

460 3147 565 3207 solam
607 3147 688 3207 citat
727 3148 919 3209 vLeeuwen.
961 3150 1117 3211 Fortasse
1155 3149 1224 3210 illie
1257 3148 1361 3226 δῆλος,
1394 3149 1450 3208 hie
1483 3152 1602 3223 φαῦλον
1637 3151 1695 3208 est

460 3261 604 3335 genuina
625 3259 733 3321 lectio.

459 3491 516 3551 Vs.
545 3491 639 3551 1339.
751 3488 913 3567 ,γενοίμαν
937 3489 1032 3562 αἰετὸς
1056 3488 1217 3568 ὑψιπέτας,

751 3600 791 3674 ὡς
814 3601 1026 3682 ἀμποταθείην
1049 3628 1064 3656 ι
1094 3627 1109 3655 a
1138 3605 1214 3688 ὕπερ
1239 3603 1400 3688 ἀτρυγέτου

747 3723 879 3797 γλαυκᾶς
903 3710 945 3775 ἐπ’
972 3709 1062 3793 οδδμοι
1085 3718 1224 3796 λέμνοις”.

503 3832 605 3892 Recte
653 3831 757 3892 editor
804 3829 975 3891 Leidensis
1020 3830 1219 3893 adversatus
1261 3832 1413 3895 Meinelrii
1458 3829 1689 3905 supplemento

460 3942 597 4022 αἰθέρος,
630 3943 716 4017 quod
746 3942 777 4001 δι’
805 3940 929 4020 αἰθέρος
959 3943 1134 4004 dicendum
1162 3945 1260 4023 foret,
1285 3947 1355 4021 ipse
1378 3944 1545 4019 supplevit
1567 3938 1693 4031 τώποτ’,

458 4058 543 4134 quod
568 4056 650 4117 loeis
681 4070 762 4129 quos
786 4056 867 4117 citat
891 4056 949 4115 vix
972 4056 1056 4116 satis
1079 4056 1266 4119 defenditur
1289 4061 1322 4120 et
1345 4073 1463 4133 parum
1486 4054 1687 4131 probabilem

458 4172 593 4250 praebet
630 4170 833 4231 sententiam
874 4149 1009 4244 propter
1049 4170 1268 4245 tautologiam
1312 4170 1467 4232 versiculi
1508 4169 1686 4243 sequentis.

460 4284 602 4346 Gravius
632 4283 739 4359 ulcus,
772 4283 857 4356 quod
880 4296 1000 4342 sanare
1023 4297 1167 4360 nequeo,
1191 4283 1268 4344 bule
1291 4284 1363 4344 loco
1386 4282 1522 4344 subesse
1545 4282 1687 4342 videtur.

504 4510 580 4570 Vss.
607 4510 694 4569 1344
717 4525 787 4584 sqq.
855 4510 1114 4584 Elegantissime
1146 4527 1165 4571 a
1194 4510 1389 4571 Leeuwenio
1419 4510 1604 4585 tentantur,
1629 4508 1688 4569 sed

460 4625 542 4685 adeo
578 4622 750 4698 violenter,
786 4626 824 4683 111
854 4640 931 4684 cum
962 4624 1035 4699 ipso
1065 4626 1097 4686 in
1129 4628 1261 4686 textum
1290 4624 1434 4699 recipere
1466 4622 1688 4684 coniecturam

460 4752 527 4799 non
550 4738 700 4797 audeam.

460 4962 516 5024 Vs.
545 4964 640 5023 1347.
710 4963 771 5024 Ex.
805 4961 884 5024 Orit.
920 4980 950 5038 p.
982 4965 1046 5025 ΧΠ
1077 4968 1246 5042 corrigens
1276 4962 1298 5047 ᾧ
1330 4981 1388 5041 pro
1419 4964 1462 5025 iu
1492 4963 1690 5044 ignorabam

460 5075 546 5136 idem
572 5076 640 5137 iem
663 5076 787 5137 vidisse
810 5076 991 5138 Relslrlum.
