3867 6450
1076 1084 1119 1143 24

489 1269 666 1344 moeurs,
709 1270 748 1329 de
783 1270 902 1343 quibus
936 1285 1013 1331 oum
1044 1270 1084 1329 ab
1116 1270 1236 1330 Atticls
1269 1271 1424 1331 omnibus
1457 1274 1531 1332 tum
1561 1272 1603 1332 ab
1637 1272 1718 1331 aliis

487 1384 611 1457 passim
644 1387 821 1458 usurpatur
852 1384 990 1445 verbum
1023 1384 1207 1457 κοεερείειεεν
1241 1385 1339 1454 (baud
1373 1400 1448 1446 raro
1481 1364 1663 1447 confusum
1698 1400 1718 1444 a

470 1495 628 1555 'librariIs
647 1511 723 1555 oum
742 1496 973 1572 νοεορρίνενειν),
993 1500 1200 1558 controvers
1217 1498 1316 1557 verbo
1334 1498 1498 1575 ννιίνδειν,
1516 1499 1716 1571 volvere,

391 1652 394 1663 .
488 1607 698 1682 volutare,
724 1608 808 1681 quod
831 1608 902 1683 ipse
926 1611 1038 1670 minus
1061 1610 1180 1671 leuiter
1202 1612 1316 1685 reponi
1339 1612 1450 1686 iussit,
1475 1614 1593 1688 rupis
1616 1616 1717 1672 natu·

487 1736 558 1781 ram
587 1723 752 1796 spectanti
780 1738 897 1797 parum
928 1722 1096 1797 probabile
1119 1724 1293 1785 videbitur.
1324 1725 1362 1784 In
1387 1725 1487 1786 verbo
1509 1726 1664 1800 simplice
1688 1726 1718 1783 si
1837 1715 1838 1740 ³

488 1834 561 1907 quis
590 1834 674 1895 forte
704 1838 741 1895 ut
770 1836 881 1895 minus
911 1837 1014 1897 attico
1044 1842 1135 1905 (num
1158 1838 1243 1897 satis
1266 1838 1455 1907 novimus'i)
1479 1838 1605 1906 haeret,
1630 1836 1718 1896 nihil

487 1946 624 2021 impedit
647 1948 824 2021 quominus
847 1949 1034 2023 suspicetur
1056 1949 1312 2026 arrepsisse.

488 2212 544 2273 Vs.
569 2214 644 2275 664.
735 2213 797 2273 Pro
845 2208 919 2272 τοῦτ’
964 2211 1096 2285 ἀκούσας
1138 2213 1345 2288 requirebam
1382 2222 1470 2273 τοῦτο
1504 2214 1613 2291 νοήσα,
1650 2216 1713 2274 Ex.

488 2325 566 2386 Orit.
608 2342 638 2401 p.
681 2326 770 2388 XIII.
813 2328 847 2387 Si
886 2328 961 2401 quid
1002 2328 1217 2403 mutandum,
1260 2329 1462 2389 modulatius
1495 2330 1714 2389 coniecissem
1837 2313 1838 2320 ἵ

488 2434 504 2497 i
536 2434 561 2498 δ’
597 2438 784 2517 ὑπονοήσας,
820 2445 857 2502 ut
890 2441 1013 2516 legitur
1047 2457 1096 2502 vs.
1128 2437 1215 2515 6525
1242 2443 1300 2503 sed
1331 2442 1475 2502 fortasse
1505 2442 1714 2515 acquiescen-
1815 2498 1818 2505 .

489 2553 568 2641 dum
594 2553 745 2627 vulgatis.

488 2803 544 2865 Vs·
570 2805 645 2865 712.
756 2798 828 2880 dii,
851 2796 874 2863 ὦ
897 2803 1026 2883 πονηρέ,
1049 2804 1096 2864 σοὶ
1120 2802 1174 2882 μὲν
1198 2801 1288 2865 οὐδὲν
1311 2806 1504 2865 πείθεται.

534 2918 605 2978 Imo
630 2933 708 2978 vero
732 2918 919 2977 πείσεται.

490 3168 545 3230 Vs.
570 3170 644 3230 im.
714 3170 793 3231 Post
817 3171 847 3231 h.
866 3186 913 3232 vs.
935 3171 967 3231 in
991 3171 1232 3232 Leeuweuiana
1254 3172 1398 3232 editione
1420 3186 1596 3246 operarum
1620 3170 1718 3244 culpa
1837 3161 1838 3164 ’

476 3278 610 3342 'excidit
634 3283 1012 3343 ΑΛΛΑΝΊΟΠΩΛΗΣ.

487 3532 543 3593 Vs,
568 3535 643 3595 722.
753 3533 840 3612 οὐκ,
864 3529 999 3616 ὦγάθ’,
1023 3534 1055 3596 ἐν
1078 3539 1175 3620 βουλῇ
1198 3559 1240 3613 με
1264 3537 1395 3609 δόξεις
1418 3536 1613 3614 καθυβρίσαι.

532 3647 590 3708 Ex.
627 3649 705 3709 Orit.
740 3666 770 3724 p.
806 3650 883 3710 VIII
917 3652 1140 3726 proponebam
1177 3645 1203 3728 μ’
1240 3646 1284 3710 ἔθ’
1321 3648 1403 3722 ἕξεις.
1439 3650 1530 3726 Quod
1564 3649 1598 3708 ni
1627 3649 1716 3710 forte
1837 3622 1838 3685 Ῐ

487 3762 621 3838 suffieit,
647 3765 772 3837 possis:

752 3875 833 3954 οὐχ,
857 3875 984 3955 ὥσπερ
1008 3875 1041 3936 ἐν
1065 3878 1176 3961 βουλῇ,
1199 3872 1226 3953 μ’
1253 3873 1311 3936 ἔθ’
1339 3875 1440 3949 ἕξεις
1464 3876 1659 3953 καθυβρίσαι.

753 3991 845 4068 ἴωμεν
869 3993 923 4064 εἰς
947 3991 1020 4051 σιὸν
1045 3992 1179 4068 δῆμον.

535 4103 614 4162 Utut
644 4107 708 4180 est,
742 4104 911 4178 vulgatam
944 4104 1093 4165 laborare
1121 4106 1203 4163 mihi
1228 4105 1383 4188 eosvenit
1406 4121 1481 4165 num
1505 4105 1717 4180 Leeuweni0‚

486 4218 580 4276 ouius
615 4218 687 4276 vide
718 4221 825 4278 notas,
859 4218 1006 4293 -Quia
1048 4219 1081 4277 in
1120 4219 1337 4292 sequentibus
1372 4225 1474 4294 Δῆμος
1510 4222 1562 4277 est
1593 4224 1717 4278 nomen
1837 4204 1838 4215 ’

485 4330 666 4405 proprium,
688 4331 829 4391 fortasse
846 4334 935 4391 recte
953 4332 1100 4391 Meineke
1117 4332 1336 4406 (improbante
1353 4332 1561 4400 Leeuweniol
1579 4332 1721 4391 coniecit
1837 4322 1838 4401 J

486 4442 525 4514 ὡς
549 4441 600 4502 σὸν
624 4449 741 4519 Δῆμον,
764 4447 848 4519 quod
873 4447 1031 4520 ignorans
1055 4447 1125 4520 ipse
1149 4447 1237 4506 idem
1256 4431 1411 4521 proposui
1430 4447 1507 4506 Erro.
1529 4446 1607 4507 Orit.
1627 4445 1716 4521 VIII,

487 4559 523 4616 ut
553 4557 746 4631 ignorabam
776 4559 843 4617 iam
877 4557 1037 4618 (lebetum
1066 4561 1143 4619 ante
1173 4575 1228 4619 me
1258 4560 1495 4635 κοεοσσσράξενε
1517 4560 1718 4619 emendasse

484 4685 543 4745 pro
576 4671 814 4750 ιονεσοάραξοεε
849 4687 898 4732 vs.
936 4673 1001 4732 729
1026 4688 1075 4747 sq.
1110 4687 1217 4747 neque
1251 4688 1333 4733 sano
1368 4674 1465 4734 hodie
1493 4673 1717 4733 neeessariam
1837 4716 1838 4719 ε

484 4786 578 4858 puto,
604 4785 688 4857 quod
712 4786 791 4844 tuno
815 4785 988 4860 putabam,
1015 4786 1240 4846 conlecturam
1264 4801 1393 4848 meam:

1036 4895 1136 4958 oda’‘
1117 4893 1191 4958 αιιισ’
1218 4896 1278 4959 ἀπὸ
1301 4907 1353 4976 τῆς
1375 4902 1490 4978 θύρας,

751 5007 805 5085 τὴν
833 5004 916 5072 (τ’)
944 5009 1118 5088 εἰρεσιώνην
1141 5010 1181 5088 μὴ
1206 5017 1276 5088 (pro
1300 5019 1370 5090 μου)
1393 5013 1648 5092 κασασσαράξεσες

483 5122 560 5182 licet
581 5135 655 5182 eam
676 5123 852 5182 lectionem
873 5137 937 5182 non
957 5138 1164 5200 spernerem,
1183 5127 1214 5184 si
1233 5126 1266 5185 iu
1288 5128 1399 5187 codiee
1419 5127 1527 5201 aliquo
1540 5127 1716 5200 legeretur.
