3867 6450
797 1032 839 1091 69

220 1221 268 1280 Vs.
289 1221 362 1280 644.
431 1219 493 1279 Pro
523 1213 640 1294 τοῦνομ’
675 1218 757 1278 oltra
787 1218 1022 1278 necessitatem
1053 1211 1206 1294 ποιήμαθ’
1230 1217 1435 1292 requirebam

220 1333 271 1391 iix.
294 1330 370 1392 crit.
395 1347 426 1406 p.
450 1331 507 1392 XI.

220 1533 268 1594 Vs.
291 1535 365 1595 647.
433 1533 474 1593 ἴοι
496 1535 704 1609 requirebam
727 1550 786 1609 pro
809 1533 870 1610 ἴοι,
893 1534 950 1594 sed
975 1533 1040 1594 vid.
1065 1532 1252 1595 Leeuwenii
1275 1535 1363 1593 nota.

219 1735 267 1795 Vs.
290 1737 364 1796 698.
432 1736 540 1796 Verba
566 1736 630 1813 χάει
651 1734 801 1813 ποερόενοι
825 1737 902 1796 ante
925 1735 1159 1796 Leeuwenium
1183 1734 1314 1795 defendi
1339 1734 1435 1796 Anal.
1477 1737 1483 1754 '

214 1850 281 1909 orii.
313 1865 343 1923 p.
380 1850 437 1930 50,
468 1849 523 1909 ubi
551 1851 635 1923 quod
667 1849 740 1911 coll.
771 1849 854 1909 Plat.
883 1849 1020 1910 Phaedr.
1053 1850 1116 1910 252
1148 1849 1174 1908 Β
1206 1864 1264 1924 pro
1292 1847 1436 1918 ποθεινός

220 1961 330 2022 oonieoi
364 1961 495 2033 πετεινός
525 1961 668 2023 fortasse
699 1964 786 2023 recte
816 1964 903 2023 idem
935 1978 1001 2023 non
1036 1962 1172 2024 admisit
1204 1963 1238 2022 in
1274 1977 1323 2023 vs.
1360 1962 1434 2022 696.

220 2072 298 2147 Quod
327 2076 417 2145 (698)
447 2075 571 2150 recepit
601 2075 838 2135 correctionem
870 2091 980 2135 meam
1008 2075 1077 2145 (Ex.
1102 2076 1173 2136 crit.
1198 2091 1228 2150 p.
1252 2075 1312 2145 XI)
1333 2075 1436 2151 νύχιος

220 2203 269 2260 pro
290 2188 382 2272 νυχίῳ
405 2188 541 2262 gaudeo.

220 2388 267 2449 Vs.
290 2391 365 2450 717.
474 2387 612 2460 ἐλθόντες
646 2387 702 2468 γὰρ
737 2397 856 2467 πρῶτον
889 2383 931 2448 ἐπ’
969 2385 1065 2468 ὅρνις,
1099 2387 1177 2448 οὕτω
1211 2387 1287 2466 πρὸς
1317 2387 1435 2448 ἅπαντα

1203 2499 1347 2581 τρέπεσθε

474 2616 549 2696 πρός
578 2612 598 2676 τί
632 2615 793 2693 ἐμπορίαν,
819 2615 870 2676 καί
896 2617 972 2696 πρὸς
1001 2615 1105 2697 βιότου
1134 2625 1252 2695 κτῆσιν,
1281 2613 1331 2676 καί
1361 2615 1436 2695 πρὸς

423 2792 426 2798 ,
1033 2730 1161 2809 γάμον
1194 2727 1346 2809 άνδρες

258 2843 362 2904 'Peneo
391 2845 477 2919 quod
508 2844 622 2904 Herm.
647 2843 757 2903 XXIV
780 2860 810 2919 p.
836 2845 900 2904 617
924 2846 1080 2919 proposui
1109 2844 1236 2922 γάμον
1266 2841 1438 2922 ἀρθμόν,

220 2958 294 3028 quod
324 2973 382 3018 cur
412 2958 513 3018 nimis
541 2957 707 3032 poeticum
739 2956 946 3034 Leeuwonm,
979 2957 1073 3017 ouius
1096 2958 1283 3018 coniectura
1312 2955 1436 3034 γάμον

221 3067 329 3129 αὐτόν
354 3069 436 3130 mihi
460 3069 592 3143 quidem
616 3067 782 3144 displicet,
807 3067 959 3128 videatur
981 3084 1048 3129 non
1071 3072 1204 3143 exputo.

221 3256 269 3318 VS.
293 3261 367 3320 723.
476 3253 515 3335 ἣν
538 3247 595 3316 οὖν
617 3252 696 3333 ἡμᾶς
719 3256 859 3334 νομίσητε
881 3256 990 3334 θεούς,

474 3367 549 3443 ἕξετε
571 3374 705 3449 χρῆσθαι
728 3369 891 3445 μάντεσι
915 3370 1086 3447 μούσαις

474 3482 583 3557 πάσαις
607 3483 712 3564 ὥραις,
733 3492 870 3563 χειμῶνι,
893 3481 992 3563 θέρει,

475 3598 617 3684 μετρίῳ
640 3599 748 3679 πνίγει·
771 3598 847 3659 τιούκ
870 3596 1057 3677 ἀποδράντες

476 3707 686 3789 καθεδούμεθ’
712 3710 776 3773 άνω
804 3712 1022 3790 σεμνυνόμενοι

475 3822 578 3904 παρὰ
607 3830 691 3897 ταῖς
721 3823 926 3902 νεφέλαις,
948 3825 1046 3903 ὥσπερ
1069 3820 1110 3903 χώ
1135 3826 1226 3902 Ζεύς,
1248 3823 1305 3885 κτέ.

258 3940 442 4015 Compluria
471 3941 505 4000 in
535 3940 588 4000 his
618 3938 797 4002 offendunt.
822 3941 869 4001 De
892 3941 1004 4001 verbis
1027 3939 1149 4017 μάντεσι
1171 3940 1298 4016 μούσοις
1323 3954 1437 4000 oonsu-

219 4052 298 4113 latur
337 4054 523 4114 Leeuwenii
559 4056 639 4114 nota
672 4055 735 4117 isin
770 4057 860 4116 reete
894 4055 1028 4115 Polakio
1063 4054 1191 4130 μούσοις
1230 4054 1438 4137 esequente

219 4162 320 4236 πάσαις
342 4169 534 4241 corruptum
559 4167 702 4243 videtur,
727 4184 793 4229 non
816 4169 904 4229 male
928 4169 1083 4244 suppleas
1105 4163 1199 4245 ἡμῖν).
1219 4166 1301 4228 Oum
1321 4166 1436 4227 eodem

220 4276 424 4350 (Leeuwenio)
446 4282 638 4355 suspectum
662 4282 766 4342 habeo
788 4281 909 4366 μετρίῳ,
931 4283 1017 4342 unde
1042 4286 1158 4343 tamen
1177 4281 1306 4343 {acilius
1325 4278 1438 4341 elicias

219 4390 293 4461 προίει
319 4408 419 4467 quam
452 4394 555 4471 ψύχει,
592 4397 626 4454 οι
660 4394 860 4468 probabilius
893 4395 958 4455 nisi
992 4394 1102 4470 failor,
1137 4394 1213 4468 quia
1248 4395 1437 4453 extremum

220 4501 442 4584 frigus‘upooc
483 4507 547 4567 diei
588 4507 686 4583 solet,
731 4509 768 4568 ut
806 4510 978 4568 extremus
1013 4508 1101 4567 calor
1134 4512 1249 4585 πνῖγος.
1284 4505 1437 4567 ceterum

221 4616 342 4691 ambigo
374 4622 486 4680 uirum
518 4619 618 4679 verba
640 4629 760 4697 χειμῶνι
783 4654 825 4664 -
849 4620 947 4698 πνίγει
971 4622 1115 4695 genuina
1140 4621 1208 4681 sint
1229 4635 1271 4680 an
1295 4622 1374 4679 nata
1396 4634 1439 4678 ex

220 4726 505 4804 interpretamento
528 4732 607 4792 olim
631 4733 795 4807 adscripto
816 4734 856 4793 ad
876 4734 977 4793 verba
993 4733 1104 4804 πάσαις
1124 4732 1229 4809 ὥροις,
1248 4746 1330 4807 quae
1349 4730 1439 4791 nullo

221 4838 358 4915 indigent
385 4844 621 4905 additamento.
648 4844 797 4918 Denique
820 4846 909 4905 maie
931 4860 986 4905 me
1010 4846 1133 4906 habent
1154 4846 1254 4906 verba
1272 4841 1354 4921 παρὰ
1375 4848 1438 4915 ποιῑς

221 4951 362 5032 νεφέλαις,
381 4972 439 5031 pro
460 4957 578 5031 quibus
593 4961 750 5032 expectes
769 4954 802 5016 έν
821 4962 884 5028 ταῖς
903 4956 1044 5034 νεφέλαις
1064 4962 1123 5018 aut
1141 4956 1216 5017 πατὰ
1234 4956 1286 5028 τὰς
1302 4953 1439 5032 νεφέλας.

223 5064 264 5128 Oi.
286 5069 404 5131 Mnem.
429 5070 537 5129 XXIV
560 5088 589 5145 p.
616 5072 691 5131 308.
