3867 6450
836 1093 855 1150 3

233 1279 291 1340 Vs.
315 1280 367 1339 95.
436 1278 518 1338 Tam
550 1278 737 1338 Locuwenii
766 1276 911 1353 suspicio
942 1284 1018 1348 νασς
1049 1274 1184 1355 φρυκτὸν
1214 1273 1331 1353 βλέπεις
1359 1293 1458 1351 quam

234 1408 311 1455 mea
340 1400 416 1465 ναῦς
439 1390 565 1472 ’Ἀρκπον
588 1389 705 1471 βλέπεις
728 1408 786 1468 pro
810 1392 1006 1472 ναύφαρκτον
1031 1393 1076 1471 βλ.
1095 1394 1215 1453 Mnem.
1240 1394 1334 1453 XXX
1358 1410 1387 1469 p.
1414 1396 1456 1455 36

234 1509 350 1583 peccat
367 1508 479 1567 contra
495 1521 684 1567 sermonem
700 1521 869 1582 graecum,
891 1506 945 1580 qui
958 1506 1096 1567 verbum
1109 1502 1231 1584 βλέπειν
1255 1508 1458 1581 spectandi

234 1636 336 1681 sensu
358 1635 424 1681 non
446 1620 553 1695 iungit
576 1635 651 1680 cum
671 1620 874 1696 accusativo,
899 1620 957 1680 sed
980 1635 1057 1680 cum
1082 1619 1381 1695 praepositionibus
1405 1620 1461 1696 εἰς,

233 1732 325 1813 πρός,
349 1730 405 1792 ε’πί.
429 1734 463 1793 Si
487 1732 649 1793 eiusmodi
675 1733 751 1806 quid
781 1733 899 1809 lateat,
928 1732 1035 1793 deleto
1058 1731 1191 1811 βλέπεις,
1213 1734 1313 1793 scribi
1337 1735 1457 1809 possit:

503 1844 577 1926 πρὸς
600 1855 659 1907 τῶν
682 1852 775 1923 θεῶν,
798 1843 956 1926 ἄνθρωπε,
979 1853 1055 1917 ναῦς
1072 1843 1198 1925 ’Ἄρκτον
1225 1846 1292 1909 (σύ
1315 1859 1377 1926 ys>

503 1956 611 2040 ἢπερὶ
635 1956 730 2039 ἄκραν
755 1958 898 2037 κάμπτων
921 1959 1086 2019 νεώσοικον
1109 1964 1245 2032 σκοπεῖς;

236 2076 303 2138 i.e.
331 2075 475 2136 Utrum
499 2091 570 2150 per
593 2076 709 2151 deos,
734 2075 870 2149 homo,
898 2090 970 2135 ceu
994 2075 1120 2135 navis
1144 2075 1189 2144 (in
1213 2075 1292 2145 alto)
1316 2076 1461 2137 sidera
1505 2116 1507 2122 ν
1568 2068 1571 2073 ’

237 2204 402 2265 servas,
447 2204 496 2249 an
538 2189 828 2249 circumvecto
871 2188 1168 2263 promuntorio
1210 2189 1241 2259 (i.
1274 2204 1301 2248 e.
1345 2189 1461 2251 itinere

235 2302 474 2378 propemodum
505 2302 666 2372 coniecto)
695 2302 869 2363 navalia
895 2303 1091 2378 spectas?
1119 2301 1182 2362 sed
1204 2301 1348 2362 fortasse
1372 2318 1461 2378 prae·

236 2418 321 2493 stat,
342 2418 380 2477 ut
398 2416 460 2499 ieci
478 2407 598 2477 Mnem.
618 2416 639 2477 l.
653 2414 686 2492 1.,
708 2416 864 2491 amplecti
877 2416 1019 2490 priorem
1033 2415 1220 2476 Leeuwenii
1239 2412 1463 2477 coniecturam

237 2528 268 2589 τί
295 2527 370 2607 πρὸς
400 2534 482 2589 θεῶν
505 2563 549 2573 -
572 2529 767 2607 ναύφαρκτον
795 2527 927 2607 βλέπειςς
950 2530 1035 2590 Utut
1057 2531 1122 2606 est,
1149 2530 1287 2604 vulgata
1309 2533 1464 2605 suspecta

239 2645 294 2704 est
315 2644 503 2705 admodum.

238 2870 295 2931 Vs.
324 2872 397 2931 126.
506 2870 576 2943 τοὺς
599 2866 632 2931 δέ
655 2870 777 2943 ξενίζειν
800 2868 945 2931 οὐδέποτέ
968 2866 1015 2949 (γ’)
1040 2870 1141 2949 ἴσχει
1173 2870 1289 2949 θύρα.

285 2984 442 3045 Mnemos.
474 2985 494 3044 l.
515 2984 537 3045 l.
568 3002 598 3061 p.
623 2986 664 3046 37
683 2986 880 3062 requirens,
906 2985 982 3045 aliis
1010 2983 1141 3045 collatis
1164 2983 1259 3061 locis,
1285 2983 1463 3045 articulum

239 3098 420 3174 proposui:-

506 3210 610 3274 νονσιλλ
634 3217 721 3285 (curn
745 3214 919 3285 Brunckio)
944 3209 1088 3286 ξενίζεινί
1110 3213 1170 3285 (sic
1192 3212 1262 3283 vc.)
1286 3205 1421 3272 οὐδέποτ’

1026 3321 1136 3406 ἴσχεν
1167 3322 1185 3404 ἡ
1217 3327 1331 3406 θύρα.

238 3440 345 3500 Hodie
375 3443 487 3502 tamen
518 3441 630 3503 dubito
660 3458 702 3502 an
732 3444 780 3504 ita
810 3442 1032 3516 requireretur
1062 3433 1259 3516 οὐδεπώποτ’,
1291 3442 1324 3500 et
1347 3440 1464 3515 imper·

239 3555 327 3614 fecto
361 3555 470 3629 aptius
504 3557 549 3616 sit
582 3559 716 3632 tempus
753 3568 920 3632 praesens
961 3557 1067 3631 Quare
1097 3555 1171 3616 vide
1209 3570 1289 3614 num
1324 3554 1466 3614 scribere

240 3668 341 3729 liceat
363 3663 498 3728 οὐδέποτ’
535 3669 635 3749 ἴσχει
673 3665 898 3748 <ἡ>θύρα,
933 3673 971 3730 ut
1001 3670 1085 3729 crasi
1114 3668 1297 3728 coaluerint
1320 3667 1467 3741 syllabae

241 3783 268 3840 ε“ι
299 3784 333 3841 et
361 3782 395 3859 ἦ,
424 3785 462 3842 ut
491 3784 624 3858 saepius
656 3784 847 3845 coalescunt
877 3787 897 3859 ἦ
924 3786 957 3844 et
986 3786 1020 3858 ῖς,
1051 3782 1076 3843 {a
1107 3785 1140 3844 et
1171 3785 1204 3858 α,
1235 3780 1260 3840 εἰ
1290 3783 1323 3841 et
1354 3779 1400 3840 οὐ.
1426 3816 1466 3825 -

240 3895 396 3957 Ceterum
435 3897 572 3972 cogitari
612 3899 715 3958 etiam
755 3900 867 3972 potest
909 3897 947 3957 de
987 3897 1176 3957 scribendo:
1218 3889 1373 3971 οὐδεμί’
1416 3889 1465 3953 ἔν’

241 4008 345 4086 ἴσχει
375 4009 488 4089 θύρα.

243 4237 301 4297 Vs,
328 4237 401 4297 138.
511 4233 717 4314 κατέκοψε,
743 4239 827 4298 1075
852 4235 1090 4314 νιφόμενον,
1117 4237 1200 4295 1141
1226 4234 1338 4311 νίφει
1362 4237 1424 4295 ete.

287 4350 471 4412 Genuinam
484 4351 582 4412 huius
595 4352 685 4412 verbi
697 4352 840 4412 formam
853 4367 927 4412 esse
950 4374 968 4409 ν
979 4350 1123 4426 είφειν,
1142 4365 1225 4424 quae
1242 4349 1362 4424 rarius,
1381 4348 1471 4408 velut

242 4463 341 4539 vesp.
373 4465 436 4525 773
466 4465 511 4535 (in
545 4465 738 4526 Ravennate
766 4465 901 4541 codice),
929 4467 1064 4525 servata
1091 4466 1157 4540 est,
1184 4463 1362 4539 persuadet
1389 4462 1472 4521 milri

241 4580 400 4638 constans
419 4578 584 4639 sermonis
605 4579 719 4639 Graeci
739 4579 901 4654 analogia.
917 4579 1120 4654 Expectatur
1140 4578 1229 4638 eninr
1246 4575 1361 4652 νεέφειν
1377 4576 1473 4634 iuxta

242 4690 350 4767 νίφοίς,
379 4690 510 4768 νιφόεις,
540 4690 661 4768 νιφετός
692 4695 766 4768 θέο,
799 4695 836 4752 ut
870 4691 983 4751 λείπειν
1018 4692 1113 4752 iuxta
1146 4694 1253 4766 λιπεῖν,
1285 4691 1474 4766 λιποψυχεῖν,

242 4807 440 4881 λιποθνμεῖν,
466 4808 541 4881 etc„
571 4804 680 4884 λείβειν
711 4807 806 4865 iuxta
836 4803 935 4883 λίβοίς,
966 4804 1071 4882 λείχειν
1102 4805 1198 4865 iuxta
1224 4801 1319 4880 λῖχοίς,
1341 4799 1474 4897 λλχανός,

244 4917 404 4997 μειγνύναι
434 4919 528 4979 iuxta
554 4917 655 4998 μῖγοίς,
678 4915 806 4998 έρείπειν
829 4918 923 4979 iuxta
946 4915 1076 4997 ἔριπεῖν,
1093 4914 1217 4995 ἐρείκειν
1239 4917 1335 4975 iuxta
1357 4911 1476 4990 έρικεῖν,

243 5028 378 5106 ἀλείφειν
401 5031 497 5092 iuxta
520 5028 665 5108 ἆλήλιφα,
688 5029 867 5109 ἀλήλιμμαν,
889 5031 975 5107 λίπα,
993 5028 1119 5108 λιπαρός
1140 5032 1215 5105 etc,
1236 5028 1362 5106 στείβειν
1380 5028 1475 5086 iuxta

244 5143 362 5224 σείβοίς,
384 5144 537 5225 σαῖβαρός,
559 5145 691 5223 στίβεύς,
714 5144 788 5206 alia.
