3867 6450
1065 1055 1138 1114 112-

485 1242 538 1301 ubi
558 1238 694 1316 ἄπνουν,
717 1243 747 1302 si
761 1255 881 1300 sanum
899 1243 962 1312 est,
980 1256 1084 1302 sensu
1102 1240 1281 1301 transitivo
1296 1239 1525 1314 accipiendum
1540 1263 1582 1288 =
1596 1238 1724 1311 ἅννους

483 1363 630 1415 πονοῦντα
652 1353 722 1426 τοὺς
744 1353 918 1432 apianae,
944 1369 1028 1426 quae
1051 1368 1131 1414 sane
1154 1352 1346 1413 duriuscule
1370 1353 1501 1415 videtur
1523 1355 1725 1429 explicatio.

484 1469 589 1544 Quare
612 1469 724 1530 nescio
743 1484 785 1529 an
803 1468 947 1542 genuina
966 1468 1064 1528 lectio
1084 1468 1130 1526 sit
1152 1462 1344 1542 εὔπνουν,
1367 1465 1472 1526 bene
1494 1467 1723 1530 inflatum.

485 1656 540 1716 Vs.
567 1660 662 1718 1153.
731 1658 850 1718 Mnem.
882 1656 991 1717 XXIV
1013 1672 1044 1731 p.
1070 1656 1132 1715 307
1162 1656 1354 1716 haerentem
1378 1671 1454 1715 cum
1480 1656 1654 1730 Blaydesio
1684 1659 1722 1716 in

484 1771 583 1847 longa
616 1771 722 1832 vocali
752 1771 860 1847 prima
889 1771 982 1830 verbi
1012 1768 1197 1847 ἱδρύσασθαι
1224 1786 1279 1830 me
1303 1770 1424 1830 erroris
1448 1771 1593 1830 convicit
1614 1771 1724 1829 amici

484 1883 611 1961 notula,
635 1884 858 1958 comparantis
881 1885 943 1942 Δν.
968 1898 1018 1942 vs.
1043 1885 1097 1943 45.
1121 1883 1203 1943 Mira
1220 1896 1274 1942 res
1295 1884 1358 1957 est,
1380 1883 1438 1942 sed
1458 1885 1548 1942 certa
1568 1885 1723 1943 comicos

483 1997 603 2057 atticos
626 1996 688 2056 hae
710 1996 745 2055 in
767 2011 802 2055 re
826 1995 1015 2070 conspirare
1038 2010 1113 2054 cum
1137 1995 1274 2069 tragicis
1297 1998 1331 2055 et
1354 1996 1466 2070 epicis.

483 2184 541 2245 Vs.
567 2186 662 2245 1158.
748 2184 850 2260 Citra·
873 2186 1109 2245 necessitatem
1144 2184 1259 2245 Herm.
1291 2184 1311 2244 l.
1344 2185 1365 2244 l.
1407 2185 1571 2245 malebam
1614 2182 1721 2244 δόλων

484 2313 542 2373 pro
566 2296 666 2356 iiico.

484 2485 539 2545 Vs.
568 2487 663 2547 1174.
750 2480 875 2545 ἀπόλωλ’
901 2484 961 2545 ὑπὸ
985 2491 1082 2560 λιμοῦ.
1106 2489 1356 2564 καταφαγεῖν
1380 2483 1436 2565 γὰρ
1460 2483 1517 2545 οὐκ
1540 2483 1603 2563 ἔχω.

530 2600 627 2659 Miror
668 2603 863 2677 καταφαγεῖν,
903 2599 988 2673 quod
1030 2598 1262 2660 devorandi
1305 2598 1377 2659 sive
1418 2598 1543 2658 avide
1585 2613 1717 2659 come·

485 2712 609 2771 dendi
649 2726 750 2772 sensu
792 2712 832 2771 ab
873 2712 1020 2785 antiquis
1055 2711 1208 2786 usurpari
1243 2711 1342 2786 solet,
1380 2712 1434 2772 hio
1471 2712 1616 2787 positum
1652 2727 1719 2785 pro

484 2824 584 2884 verbo
602 2824 756 2898 simplici.
781 2825 893 2898 Neque
913 2824 1002 2884 enim
1022 2823 1223 2899 praesidium
1245 2827 1298 2884 est
1316 2824 1349 2883 in
1369 2824 1528 2883 librorum
1549 2826 1720 2898 scriptura

485 2938 566 2996 Aah.
591 2938 652 2996 78:
730 2933 733 2942 '

750 3049 819 3121 τοὺς
842 3055 963 3110 πλεῖστα
988 3048 1187 3121 δυνατοὺς
1210 3053 1460 3128 καταφαγεῖν
1489 3071 1519 3108 τε
1542 3046 1593 3108 καὶ
1615 3055 1718 3127 πιεῖν,

482 3165 538 3224 ubi
560 3165 686 3224 dudum
708 3164 790 3224 bone
814 3167 1000 3226 correctum
1024 3166 1075 3224 esi
1100 3159 1289 3239 δυναμένους
1314 3165 1431 3241 φυγεῖν,

528 3276 765 3351 corrigendum
789 3279 956 3353 suspicor:

929 3386 993 3447 uoci
1017 3392 1160 3467 φαγεῖν
1183 3386 1239 3467 γὰρ
1264 3388 1320 3448 οὐκ
1344 3387 1407 3466 ἔχω.

484 3517 576 3562 nam
604 3503 671 3563 vol
703 3502 806 3577 quod
837 3504 955 3563 edam
987 3516 1067 3563 non
1098 3500 1246 3576 habeo,
1280 3503 1300 3561 i.
1330 3516 1356 3561 e.
1389 3517 1428 3562 eo
1455 3502 1609 3563 redactus
1633 3517 1714 3563 sum

483 3619 521 3676 ui
542 3631 583 3677 ne
608 3616 748 3676 habeam
771 3618 905 3692 quidem
929 3616 1013 3690 quod
1039 3616 1147 3675 edam.

795 4256 876 4333 AD
918 4256 1394 4335 ECCLESIAZUSAS.

1002 4502 1192 4511 ———

484 4661 539 4720 Vs.
564 4662 593 4720 2.
662 4662 763 4725 Recte
789 4662 970 4722 vLeeuwen
1001 4664 1124 4737 recepit
1154 4662 1323 4723 Palmierii
1353 4664 1601 4723 correctionem.
1625 4637 1712 4723 Male

484 4791 558 4835 cum
583 4774 657 4836 eliis
680 4778 711 4835 h.
736 4777 757 4835 l.
779 4778 906 4836 tentavi
930 4777 991 4837 Ex.
1016 4779 1089 4840 crit.
1113 4794 1143 4852 p.
1169 4779 1221 4837 71.

483 4965 539 5025 VS.
567 4967 617 5025 16.
687 4965 806 5025 Mnem.
826 4966 857 5024 X
876 4982 906 5039 p.
921 4966 961 5025 31
985 4967 1109 5026 conieci
1129 4963 1178 5024 καὶ
1198 4960 1285 5025 ταῦθ’
1312 4963 1411 5044 ὁρῶν
1435 4964 1504 5025 οὐκ
1528 4964 1710 5035 &nielsio

481 5081 542 5148 τοῖς
565 5078 701 5152 πλησίον.
726 5077 902 5151 vulgatam
926 5079 1038 5139 tuetur
1062 5080 1176 5139 editor.
1204 5112 1243 5121 -
1269 5078 1315 5138 De
1340 5095 1388 5139 vs.
1416 5081 1455 5139 15
1481 5078 1521 5140 ci.
1545 5092 1600 5136 me
1622 5076 1644 5135 l.
1662 5077 1684 5135 l.
