3867 6450
1089 1066 1108 1125 2

530 1254 651 1315 Contra
672 1270 830 1317 numeros
852 1254 967 1330 peooat
984 1252 1123 1315 Dobraei
1143 1252 1330 1314 coniectura
1352 1251 1656 1327 διαστιοῦνται,
1677 1254 1710 1311 et

485 1368 550 1429 nisi
574 1368 742 1443 vulgatam
768 1368 849 1428 satis
869 1368 954 1428 tueri
979 1367 1153 1427 videantur
1172 1358 1247 1448 κᾷτα
1266 1367 1300 1427 et
1319 1361 1444 1425 κᾶπειτα
1463 1365 1551 1425 haud
1569 1365 1618 1425 ita
1635 1380 1708 1425 raro

486 1483 526 1543 ab
550 1483 769 1558 Aristophane
798 1482 891 1543 illata
921 1483 997 1557 post
1019 1480 1229 1556 participium
1253 1495 1311 1556 pro
1334 1479 1432 1539 nudis
1455 1472 1517 1539 εἶτα
1541 1481 1576 1539 et
1598 1476 1710 1554 ἔπειτα,

486 1596 606 1657 melius
636 1611 709 1656 cum
739 1596 883 1670 Hauptio
910 1595 1083 1670 scripseris
1106 1592 1229 1671 ἥξουσιν
1252 1608 1310 1669 pro
1334 1591 1471 1671 ἥκοντες,
1493 1608 1556 1667 quo
1580 1594 1709 1667 recepto

485 1711 513 1771 J.
536 1709 569 1770 c.
590 1709 751 1785 Vollgreff
770 1709 866 1769 malit
885 1706 1023 1787 πάρεισιν
1042 1723 1100 1783 pro
1119 1705 1256 1784 ἣκουσιν.
1275 1708 1313 1768 In
1332 1707 1548 1782 sequentibus
1566 1706 1709 1767 fortasse

486 1823 760 1899 acquiescendum
790 1821 942 1883 Meinekii
973 1822 1174 1882 correctione
1197 1816 1335 1897 ἀλλήλοις
1358 1817 1426 1897 περὶ
1452 1828 1564 1883 <τοῦ>
1592 1817 1709 1896 πρώτου
1834 1819 1835 1834 ’

488 1937 592 2011 ξύλου,
623 1937 699 2011 quia
725 1934 968 1995 aemulandi
998 1933 1114 1995 subest
1147 1935 1327 2011 sententia,
1360 1934 1437 1995 licet
1477 1948 1553 1995 oum
1583 1932 1709 1993 Nabero

486 2052 696 2127 expectarem
725 2050 835 2124 potius
865 2049 1106 2125 accusativum,
1134 2064 1177 2109 ex
1200 2048 1294 2109 ouius
1317 2048 1505 2109 coniectura
1527 2047 1710 2107 vLeeuweu
1834 2045 1835 2054 ’

486 2179 552 2225 non
575 2167 664 2225 recte
687 2163 789 2224 edidit
811 2159 964 2239 ἀλλήλοισι
986 2160 1053 2240 περὶ
1076 2170 1194 2239 πρῶτον
1216 2162 1318 2236 ξύλον,
1340 2177 1416 2223 oum
1439 2160 1573 2221 deberet
1590 2158 1710 2219 saltem

486 2275 624 2355 ἀλλήλοις
658 2272 725 2354 περὶ
758 2272 849 2339 (τὸ)
879 2284 998 2353 πρῶτον
1029 2274 1128 2347 ξύλον.
1160 2274 1206 2335 cf.
1236 2275 1334 2350 Vesp.
1366 2276 1409 2335 90
1443 2271 1482 2352 ἣν
1512 2270 1553 2350 μὴ
1580 2266 1627 2331 ’rol
1657 2279 1709 2330 τοῦ
1749 2282 1752 2286 “

486 2389 605 2468 πρώτου
628 2388 786 2466 καθίζηται
806 2388 906 2461 ξύλου.
931 2388 978 2449 ul.
1003 2404 1085 2463 quae
1109 2388 1226 2463 scripsi
1250 2388 1358 2447 unem
1382 2388 1487 2447 XXX.
1512 2404 1542 2463 p.
1567 2388 1620 2447 35.

488 2580 543 2641 VS.
568 2582 620 2641 36.
752 2574 792 2657 χώ
817 2578 914 2659 πρίων
937 2575 1029 2656 ἀπῆν.
1079 2596 1083 2603 ·

531 2693 655 2754 Iniuria
688 2694 769 2754 liaeo
803 2693 903 2754 verba
937 2695 1013 2768 post
1046 2692 1241 2753 Elmsleium
1276 2687 1352 2768 (μέν,
1381 2689 1414 2751 τὸ
1444 2684 1521 2770 repta
1557 2685 1583 2749 δ’
1618 2686 1710 2767 ἀπῆν)

486 2806 664 2869 sollicitavi
695 2806 786 2867 stud.
818 2804 895 2867 Orit.
922 2822 952 2882 p.
978 2807 1020 2865 48
1045 2805 1210 2867 coniciens
1232 2800 1273 2883 χώ
1295 2809 1393 2884 θητῶν
1415 2811 1525 2886 παρῆν.
1550 2804 1637 2864 Sana
1660 2805 1712 2864 est

487 2922 632 2995 vulgata.
657 2918 703 2981 Gi.
727 2919 915 2981 Leeuwenii
938 2921 1026 2980 nota.

488 3111 544 3172 Vs.
568 3114 620 3172 46.
753 3108 809 3170 οὐκ
832 3107 1014 3188 &luiponem

532 3227 621 3286 Haec
652 3223 753 3285 verba
783 3224 903 3285 Mnem.
934 3224 955 3285 1.
969 3224 990 3284 l.
1021 3240 1053 3300 p.
1084 3224 1126 3284 35
1156 3239 1205 3297 sq.
1238 3218 1370 3286 defendi
1405 3222 1444 3284 ab
1479 3221 1711 3284 infelicissima

487 3339 675 3400 Leeuwenii
706 3339 896 3398 coniectura
925 3335 982 3396 οὐκ
1012 3331 1054 3416 ἄρ’
1088 3334 1185 3408 ἀστός.
1216 3370 1259 3378 -
1289 3336 1506 3399 Probabiliter
1529 3336 1711 3397 admodum

488 3453 576 3513 idem
605 3467 654 3512 vs.
678 3453 719 3512 47
751 3466 807 3527 pro
838 3450 1034 3525 interpolato
1065 3450 1199 3518 nomine
1231 3449 1392 3528 Ἀμφίθεος
1422 3450 1581 3511 substitui
1612 3450 1714 3510 iussit

487 3552 645 3645 πρόγονος.

486 3752 543 3814 Vs,
567 3754 620 3812 49.
751 3755 841 3830 γαμεῖ
861 3747 894 3811 el
917 3753 1026 3823 Κελεος
1053 3747 1245 3831 Φαιναρέτην
1267 3750 1368 3830 τήθην
1392 3748 1477 3829 ἐμήν,

754 3862 783 3936 ἐξ
807 3855 842 3942 ἧς
866 3869 1002 3936 Λυκῖνος
1026 3860 1140 3945 ἐγένετ’·
1165 3862 1197 3924 ἐκ
1218 3865 1326 3926 τούτου
1350 3859 1377 3924 δ’
1405 3863 1462 3945 ἐγὼ

753 3975 907 4049 ἀθάνατος
931 3973 996 4056 εἰμ’·
1019 3976 1075 4038 nri.

530 4092 619 4153 Haec
649 4092 749 4153 verba
779 4093 828 4152 sic
857 4093 982 4167 scripta
1012 4109 1077 4154 uon
1102 4096 1242 4168 possunt
1265 4093 1356 4154 aliud
1379 4090 1569 4168 significare
1592 4107 1710 4166 quam:

487 4206 585 4266 hinc
614 4205 774 4265 factum
804 4208 870 4266 est
902 4208 945 4265 ut
980 4206 1059 4265 sim
1093 4207 1371 4284 immortalis,
1405 4208 1440 4267 at
1469 4206 1582 4281 procul
1611 4205 1711 4265 dubio

486 4323 583 4394 poeta
605 4319 726 4379 voluit:
759 4334 805 4378 ex
837 4319 913 4379 illo
937 4321 1078 4396 uatus
1104 4320 1367 4381 immortalis
1391 4336 1494 4396 sum,
1520 4322 1632 4394 itaque
1653 4322 1713 4380 aut

486 4433 619 4506 scripsit
643 4427 670 4490 d’
696 4429 751 4511 ἐγὼ
775 4431 827 4509 ὥν,
850 4433 935 4507 quod
966 4433 1082 4494 eodem
1108 4433 1206 4494 modo
1230 4435 1316 4494 crasi
1339 4434 1523 4495 coalescere
1546 4433 1654 4509 potuit
1676 4433 1712 4492 in

486 4543 571 4625 ἕγῶν,
600 4561 663 4621 qno
695 4543 750 4625 ἐγὼ
780 4544 901 4629 ᾠχόμην
932 4547 966 4606 in
997 4543 1151 4629 ἐγῴχόμην
1181 4547 1266 4608 dccl.
1299 4549 1386 4624 550),
1418 4549 1492 4624 aut,
1525 4546 1555 4607 si
1585 4546 1710 4623 mavis,

484 4659 674 4719 imitantem
697 4659 848 4733 prologos
871 4659 1062 4734 Euripideos
1085 4675 1178 4721 more
1201 4661 1328 4736 tragico
1356 4658 1388 4720 ἐκ
1413 4660 1521 4722 τούτου
1549 4655 1708 4742 popam!

484 4768 638 4842 ἀθάνατός
669 4765 733 4849 εἰμ’.
757 4773 867 4832 Possit
890 4773 1022 4846 quidem
1046 4774 1185 4849 cogitari
1208 4775 1247 4834 de
1270 4773 1516 4848 distinguendo:
1541 4766 1656 4851 ἐγένετ’,
1679 4769 1713 4831 ἐκ

484 4884 591 4944 τούτου
615 4878 643 4944 d’
666 4881 731 4965 ἐγώ.
752 4884 757 4964 l
779 4883 933 4958 ἀθάνατος
954 4880 1020 4963 εἰμ’,
1037 4887 1095 4947 sed
1116 4903 1316 4962 magnopere
1335 4888 1486 4962 displicet
1505 4887 1559 4946 hic
1578 4887 1710 4959 quidem

482 4997 549 5058 tale
568 4999 767 5076 asyndeton,
789 5001 822 5059 et
842 4999 930 5075 prior
948 5001 1148 5074 praesertim
1166 5000 1356 5062 coniectura
1368 5001 1588 5062 mutationem
1602 4999 1713 5060 verbis

483 5111 583 5172 infert
604 5113 839 5187 propemodum
863 5113 1003 5174 nullam.
