3867 6450
1079 1023 1099 1079 6

479 1208 536 1269 Vs.
562 1210 637 1269 306.
700 1206 769 1268 Dio.
786 1200 890 1267 τῶνδ’
909 1204 989 1283 ἐμῶν
1005 1206 1147 1267 σπονδῶν
1163 1200 1301 1266 ἀκούσατ’
1321 1204 1491 1277 είκαίῶς
1511 1204 1700 1283 ἐσπεισάμην.
1741 1274 1745 1279 .

702 1319 841 1395 coryph.
860 1327 924 1391 πῶς
943 1314 971 1378 δ’
994 1313 1030 1379 ἔτ’
1048 1314 1087 1378 ἂν
1109 1319 1282 1395 „aeine”
1300 1314 1398 1398 λέγοις
1414 1314 1463 1395 ἄν,
1478 1317 1560 1397 εἴπερ
1576 1316 1699 1379 ἐοιιείοοι

1466 1427 1490 1513 γ’
1516 1431 1613 1506 &aab

524 1549 558 1609 Si
580 1550 628 1609 ita
651 1564 726 1609 oum
750 1548 843 1608 libris
866 1547 1056 1623 scribimus,
1081 1547 1191 1608 addito
1211 1546 1334 1607 citandi
1351 1548 1463 1623 signo,
1483 1546 1581 1623 plene
1599 1548 1701 1609 oratio

480 1664 561 1723 haec
592 1665 659 1724 est:
691 1670 754 1733 πῶς
785 1656 814 1721 δ’
847 1656 881 1721 ἔν’
916 1657 954 1719 ἂν
984 1658 1095 1741 λέγοις,
1124 1664 1250 1732 κακῶς
1280 1676 1312 1720 σε
1339 1664 1471 1737 σπεῖσαι,
1493 1676 1599 1736 neque
1621 1676 1702 1736 opus

481 1780 532 1837 eet
573 1792 648 1837 oum
687 1775 875 1837 Hamakero
917 1771 1013 1853 λέγοις
1051 1770 1089 1833 ἂν
1127 1776 1258 1836 mutare
1297 1774 1332 1834 in
1371 1772 1492 1851 δοκοίης
1531 1776 1590 1835 aut
1627 1789 1702 1834 oum

480 1892 619 1968 Bergkio
649 1891 682 1952 in
713 1889 867 1950 Λάκωσιν.
897 1890 1050 1966 Quinimo
1075 1891 1216 1964 utreque
1238 1887 1428 1950 coniectura
1449 1888 1631 1964 elegantior
1653 1890 1705 1947 est

480 2006 601 2066 tradita
631 2004 738 2066 lectio.

480 2232 536 2293 Vs.
561 2233 635 2293 313.
1238 2224 1297 2291 ἀλλ’
1324 2228 1381 2310 ἐγὼ
1403 2227 1497 2309 λέγων
1520 2225 1569 2289 ὁδὶ

747 2338 854 2404 πόλλ’
880 2340 919 2403 ι’ίν
941 2338 1142 2422 ἀποφήναιμ’,
1159 2340 1291 2415 ἐκείνονς
1310 2336 1373 2403 ἔσθ’
1395 2340 1415 2402 ἃ
1434 2340 1678 2420 καίικοαμένονς.

525 2460 634 2519 Etiam
666 2460 697 2519 h.
722 2460 742 2519 1.
766 2459 908 2521 fortasse
931 2458 1105 2519 defendere
1130 2457 1210 2519 lioot
1232 2474 1253 2518 ο
1274 2458 1492 2534 plurimorum
1517 2456 1706 2518 criticorum

481 2572 692 2649 coniecturis,
724 2572 753 2632 si
774 2572 950 2657 iungentes
973 2569 1067 2651 λέγων
1089 2572 1184 2632 nolli
1207 2573 1464 2647 interpretamur
1489 2572 1538 2647 „ei
1560 2570 1707 2645 longiore

481 2686 532 2746 uti
554 2686 703 2747 oratione
722 2686 805 2746 mihi
823 2685 1073 2761 permiseritis”‚
1095 2684 1225 2759 qualem
1244 2699 1280 2745 re
1297 2699 1377 2745 vera
1394 2700 1474 2746 mox
1492 2684 1553 2744 eub
1572 2683 1705 2758 Telephi

482 2814 624 2874 persone
646 2799 746 2859 habet
768 2799 974 2874 Dicaeopolis
997 2814 1046 2859 ve.
1071 2799 1259 2860 497-556.

484 3026 539 3086 Vs.
566 3027 640 3087 318.
751 3023 827 3105 ὑπὲρ
850 3023 995 3104 ἐπιξήνου
1013 3020 1147 3104 ’θελήσω
1171 3023 1225 3103 τήν
1249 3023 1426 3103 κεφαλὴν
1449 3024 1524 3106 ἔχων
1545 3023 1648 3106 λέγειν.

527 3139 682 3199 Numerio
718 3139 877 3200 infestum
908 3140 1108 3201 vocabulum
1143 3137 1278 3216 κεφαλὴν
1312 3139 1480 3215 glossema
1513 3155 1587 3202 esse
1621 3140 1707 3201 setis

483 3256 612 3315 certum
635 3254 776 3329 videtur,
798 3269 905 3328 nemo
937 3256 1049 3315 antem
1080 3270 1134 3315 me
1164 3255 1270 3315 iudice
1301 3254 1430 3315 felicius
1458 3255 1490 3316 h.
1511 3255 1532 3315 l.
1564 3255 1711 3316 tentavit

483 3366 635 3442 Bergkio,
659 3366 849 3431 scribendo:

939 3515 983 3522 -
1006 3475 1156 3558 ιήν<δ’>
1183 3477 1258 3560 ἔχων
1285 3481 1438 3554 <voveo
1464 3478 1569 3562 λέγειν.

484 3708 540 3769 Vs,
564 3709 640 3769 320.
749 3706 789 3785 μὴ
812 3706 850 3768 οὔ
873 3708 1063 3780 καταξαίνειν
1086 3706 1138 3769 τὸν
1161 3705 1259 3787 ἄνδρα
1281 3717 1423 3770 τοῦτον
1446 3709 1501 3781 εἰς
1521 3707 1677 3785 φοινικίδα

530 3822 690 3882 Graecum
715 3824 767 3882 est
789 3824 822 3882 et
842 3822 1124 3898 Aristophanenm
1147 3819 1309 3882 τουτονί
1331 3822 1502 3899 φοινικίδα,
1525 3822 1610 3896 quod
1629 3821 1710 3882 olim

485 3937 651 4010 repertum
682 3935 722 3995 ab
750 3934 966 3996 Halbertsma
995 3951 1069 3996 meo
1100 3937 1224 3997 dudum
1256 3939 1426 4012 receptum
1457 3936 1611 4011 oportuit.
1636 3935 1710 3995 Vid.

485 4065 516 4108 v.
542 4063 568 4109 c.
593 4063 642 4108 vs,
667 4049 742 4108 309.

485 4274 540 4334 VS.
566 4275 641 4335 338.
750 4272 824 4333 ἀλλὰ
858 4270 929 4335 νυνὶ
961 4269 1031 4355 λέγ’,
1064 4274 1094 4336 εἴ
1123 4293 1171 4336 σοι
1206 4276 1300 4354 δοκεῖ,
1334 4276 1386 4336 τόν
1420 4298 1449 4336 τε
1483 4281 1583 4336 Λακε-

796 4387 955 4466 δαιμόνιον
986 4387 1106 4449 αὐτὸν
1138 4388 1194 4450 ὅτι
1225 4390 1429 4474 teopompi
1460 4387 1563 4450 σοιἰσιέ
1585 4389 1681 4467 φίλος.

530 4503 641 4562 Multis
672 4501 883 4577 coniecturis,
915 4517 1054 4576 quarum
1083 4505 1176 4564 nulla
1202 4505 1365 4566 rationem
1390 4503 1490 4565 habet
1512 4505 1617 4579 inepti
1638 4519 1711 4579 pro-

484 4615 630 4675 nominis
653 4612 758 4691 αὐιόι,
780 4615 914 4675 accedat
937 4615 1020 4676 haec
1042 4632 1133 4677 mea:

1348 4730 1400 4791 τόν
1423 4751 1452 4790 τε
1475 4735 1574 4790 Λακε-

752 4840 911 4918 δαιμόνιον
935 4839 1157 4903 ἀντίπαλον
1180 4838 1204 4927 ᾧ
1227 4843 1354 4928 τρόπον
1379 4840 1481 4904 σούσιί
1504 4843 1600 4920 φίλος.

486 4954 559 5014 ie.
603 4970 677 5014 nec
718 4971 794 5028 qna
836 4957 1005 5017 ratione
1044 4957 1408 5024 Lacedaemonius
1448 4958 1588 5024 hostis
1628 4956 1708 5028 tibi

486 5067 647 5129 amicus
673 5068 742 5131 sit.
