3867 6450
1099 1041 1138 1099 16

505 1226 560 1287 Vs.
589 1227 672 1287 1219
695 1241 743 1299 sq.
813 1225 894 1287 Vidc
916 1226 994 1300 quid
1018 1226 1220 1287 tentaverim
1244 1227 1364 1288 hinem.
1388 1226 1484 1287 XXX
1507 1228 1561 1287 40.

505 1452 561 1513 Vs.
589 1454 683 1513 1296.
751 1452 851 1513 Recte
874 1452 1033 1526 Elmsleyi
1056 1453 1293 1514 correctionem
1317 1451 1526 1531 Λαμαχίαιιον
1545 1469 1603 1528 pro
1622 1458 1730 1531 Λαμα-

503 1564 626 1643 χίνινιιον
648 1566 771 1641 recepit
793 1565 988 1626 vLeeuwen.
1012 1564 1123 1638 Neque
1146 1565 1235 1626 enim
1258 1564 1365 1626 ullum
1388 1568 1441 1627 est
1460 1564 1616 1642 vulgatae
1639 1582 1729 1642 prae·

504 1678 626 1739 sidium
657 1680 691 1739 in
720 1676 886 1757 νιρόνινιιιος
913 1678 1020 1749 (iuxta
1049 1676 1168 1758 κράνος)
1197 1678 1280 1739 Nub.
1307 1680 1403 1756 1066,
1427 1679 1513 1753 quod
1535 1681 1618 1741 scite
1641 1681 1729 1741 idem

506 1792 683 1854 vernaculo
706 1805 858 1853 sermone
881 1793 984 1853 vertit
1009 1792 1110 1867 „oudo
1133 1791 1246 1853 knol’².

891 2612 982 2691 AD
1026 2612 1339 2701 EQU'ITES.

503 3056 560 3115 VS.
585 3056 615 3116 9.
768 3052 819 3113 ἴνα
839 3046 844 3133 λ
865 3053 1030 3126 ξυναυλίαν
1053 3052 1229 3130 κλαύσωμεν
1254 3052 1421 3131 Οὐλύμπου
1444 3052 1550 3130 νόμον.

547 3166 842 3243 Theophylactides
863 3166 965 3242 Epist.
990 3166 1114 3228 XXXV
1137 3166 1225 3247 δεῦρο
1249 3167 1425 3244 ξυναυλίαν,
1447 3166 1610 3247 γερόντιον,
1636 3169 1725 3230 κλαύ-

502 3298 607 3358 σωμεν.
632 3281 791 3355 synesius
813 3280 916 3355 Epist.
940 3282 986 3340 IV
1007 3297 1106 3358 prope
1129 3283 1280 3343 initium:
1305 3290 1362 3341 νῦν
1384 3280 1459 3361 πρὸς
1483 3279 1604 3359 ἐρήμοις
1624 3279 1726 3353 ἀκταῖς

502 3393 669 3456 συναυλίαν
692 3389 920 3474 ὀλοφυρόμιθα,
943 3394 998 3455 ubi
1022 3395 1232 3471 naufragium
1255 3412 1353 3457 suum
1378 3395 1544 3457 describit.

502 3623 558 3684 Vs·
585 3625 635 3686 18.
715 3623 761 3684 De
795 3624 963 3686 vocabulis
1001 3633 1210 3703 κομψευριιιῶς
1240 3640 1299 3700 pro
1333 3624 1448 3696 -ιὸιιιῶς
1481 3627 1514 3685 et
1544 3624 1636 3696 (Nun.
1675 3626 1725 3693 15)

502 3737 740 3815 συνωρικιύομαι
785 3753 843 3812 pro
885 3737 1070 3815 -ιδικεύομαι
1116 3738 1181 3799 vid.
1229 3737 1457 3799 huiuscemodi
1505 3753 1724 3816 syncoparum

502 3850 655 3926 exempla
677 3851 821 3926 plurima
844 3865 863 3911 a
886 3866 940 3912 me
964 3851 1100 3912 collecta
1131 3852 1164 3910 in
1196 3851 1350 3912 Lexico
1381 3867 1533 3926 graeco
1563 3852 1724 3927 supple·

501 3964 613 4024 torio
638 3966 678 4025 ei
702 3963 932 4025 dialectico
956 3980 983 4025 s.
1009 3981 1039 4026 v.
1063 3964 1274 4043 τριμίσκον
1298 3967 1331 4025 et
1352 3966 1385 4024 in
1408 3964 1664 4040 Appendice.
1686 3997 1724 4007 -

501 4076 580 4138 Post
610 4078 696 4138 huno
726 4092 861 4137 versum
892 4076 1053 4138 Richards
1084 4078 1223 4138 collocat
1254 4093 1302 4138 vs.
1335 4079 1393 4151 18;
1424 4080 1497 4139 tum
1526 4080 1583 4138 aut
1608 4093 1657 4138 vs.
1686 4078 1723 4137 11

501 4194 536 4251 et
568 4192 607 4250 12
639 4206 797 4266 personae
827 4192 852 4250 B
884 4186 1033 4253 tribuens
1063 4194 1122 4252 aut
1151 4207 1311 4268 personae
1344 4193 1372 4254 A
1404 4192 1503 4252 verba
1532 4187 1598 4271 λέγε
1628 4191 1666 4250 σύ
1694 4192 1726 4251 et
1824 4200 1825 4241 i

500 4319 659 4380 personae
682 4305 707 4363 B
731 4303 769 4364 σὺ
793 4299 847 4381 μὲν
871 4293 928 4364 οὖν
951 4325 1001 4378 μοι
1024 4301 1097 4384 λέγε.
1121 4305 1200 4365 Mihi
1223 4320 1289 4366 non
1312 4305 1425 4380 liquet.

501 4531 556 4591 Vs.
581 4531 634 4591 29.
765 4525 830 4607 ὁτιὴ
853 4529 886 4590 τὸ
910 4527 1002 4610 δέρμα
1026 4539 1084 4590 τῶν
1108 4528 1285 4609 δεφομένων
1308 4524 1527 4611 ἀπέρχεται.

545 4644 685 4705 Matium
716 4645 883 4719 corrigunt
914 4644 972 4705 alii
1002 4660 1077 4705 cum
1108 4646 1271 4706 Brunckio
1302 4661 1344 4706 ex
1367 4661 1433 4706 uno
1454 4645 1565 4706 codice
1586 4641 1620 4703 τὸ
1644 4635 1723 4720 δέρμ’

500 4753 579 4834 ὁτιὴ,
607 4757 664 4817 alii
696 4773 771 4818 oum
802 4757 946 4833 Reisigio
977 4758 1159 4819 traiciendo
1188 4755 1344 4838 ἀνέρχεται
1372 4767 1431 4818 νῶν
1462 4755 1647 4835 δεφομένων,
1670 4757 1726 4818 alii

498 4886 671 4955 perperam
713 4886 788 4931 cum
830 4872 982 4932 Bentleio
1030 4871 1168 4934 delendo
1209 4873 1363 4950 articulo,
1406 4889 1470 4948 quo
1514 4887 1627 4933 carere
1670 4871 1725 4931 vix

499 4999 689 5059 possumus.
730 4983 919 5044 Novissime
959 4985 1096 5046 tandem
1137 4986 1319 5048 vLeeuwan
1359 4986 1538 5048 violentius
1578 4984 1726 5061 reposuit

500 5096 677 5174 τρίβεται
706 5111 764 5171 pro
792 5093 957 5175 ἀνέρχεται,
977 5098 1063 5172 quod
1088 5099 1223 5159 verbum
1246 5099 1376 5160 nullum
1394 5098 1552 5174 praebeat
1577 5111 1724 5157 sensum.
