3867 6450
801 1086 841 1145 67

205 1277 240 1334 ut
284 1289 409 1334 sensus
449 1273 505 1332 sit:
549 1232 614 1332 vel
649 1273 689 1332 in
730 1273 917 1349 templis.
952 1273 1107 1334 Fortasse
1143 1275 1256 1334 tamen
1290 1274 1434 1334 scribere

205 1389 371 1462 praestat:
403 1397 461 1457 πᾶς
491 1385 533 1457 τίς
564 1381 596 1444 θ’
626 1383 710 1461 ὑμῖν.
737 1387 833 1447 Errat
863 1388 901 1447 Α.
925 1386 1079 1447 Wiilems
1109 1387 1166 1448 l.l.
1195 1387 1434 1448 nihilomnino

206 1501 408 1560 mutandum
431 1514 505 1560 esee
528 1499 738 1561 existimans.

207 1751 260 1811 Vs,
286 1751 366 1812 530.
458 1750 506 1817 οἳ
527 1744 558 1808 δ’
585 1746 734 1809 ὠνοῦνται
758 1749 956 1828 βλιμάζοντες.

475 1857 564 1923 κούδ’
590 1853 661 1939 οὖν,
684 1863 793 1941 εἴπερ
816 1872 908 1922 ταῦτα
932 1863 1018 1922 δοκεῖ
1037 1863 1150 1941 δρᾶν,

475 1972 676 2053 ὀπτησάμενοι
697 1964 869 2055 παρέθενθ’
897 1974 1014 2053 ὑμᾶς,

476 2083 535 2148 ἀλλ’
561 2086 721 2149 ἐπικνῶσιν
748 2088 854 2168 τυρόν,
876 2087 992 2166 ἔλαιον,

477 2201 610 2279 σίλφιον,
633 2199 715 2279 ὅξος,
736 2200 785 2262 καί
809 2203 968 2282 τρίψαντες

476 2315 713 2394 καταχυσμάτιον
736 2315 830 2394 γλυκὺ
854 2314 904 2375 καὶ
927 2316 1069 2396 λιπαρόν,

476 2425 599 2488 κᾶπειτα
622 2426 840 2489 κατεσκέδασαν
864 2427 980 2508 θερμὸν

451 2588 457 2596 ,
520 2551 608 2602 τοῦτο
632 2536 704 2601 καθ’
731 2541 832 2620 ὑμῶν,

478 2655 562 2716 αὔων
586 2655 683 2733 ὥσπερ
707 2656 892 2736 κενεβρείων.

252 2770 415 2848 Quamvis
433 2770 472 2830 ab
493 2771 583 2830 omni
602 2771 795 2832 violentiora
813 2771 1001 2832 mutatione
1018 2771 1229 2846 abhorream,
1246 2775 1436 2835 nontamen

210 2886 348 2945 reticere
379 2899 513 2959 possum
544 2883 631 2943 male
662 2899 715 2944 me
745 2884 866 2944 habere
897 2885 1060 2944 omissam
1091 2899 1111 2944 a
1140 2887 1239 2959 poeta
1268 2887 1436 2946 notionem

210 2997 488 3072 simpliciter,
521 3010 620 3070 quam
651 2999 783 3071 propter
814 2997 967 3072 opposita
990 2996 1090 3056 verba
1113 2991 1171 3055 ἀλλ’
1197 2994 1357 3068 ἐπικνῶσιν
1381 2996 1437 3056 cti.

210 3111 357 3171 additam
400 3110 471 3169 iure
512 3112 728 3185 expectamus
773 3110 874 3170 verbo
917 3105 1126 3187 tractatorve.
1171 3110 1320 3171 Scribere
1353 3126 1384 3171 v.
1410 3127 1437 3172 c.

210 3224 365 3298 potuerat
386 3224 500 3298 poeta:

477 3331 568 3397 κούδ’
594 3328 663 3412 οὖν,
687 3336 721 3395 εἰ
741 3345 834 3396 ταῦτα
858 3338 954 3414 δοκεῖ,
976 3337 1138 3412 φαύλως

479 3447 681 3528 ὀπτησάμενοι
704 3446 874 3528 παρέθενθ’
900 3449 994 3528 ὑμᾶς,
1016 3448 1073 3511 κτὲ.

209 3567 281 3639 aut,
323 3564 361 3623 ut
391 3564 516 3626 conieci
544 3564 658 3625 Herm.
686 3565 708 3625 1.
729 3564 750 3624 l.
781 3581 812 3639 p.
845 3567 907 3626 617
936 3560 1024 3625 κούδ’
1059 3555 1116 3624 οὖν
1155 3563 1324 3640 (μόνον),
1357 3564 1438 3642 εἴπερ

210 3686 307 3737 ταῦτα
337 3677 432 3754 δοκεῖ,
461 3678 514 3739 vel
544 3678 667 3753 potius,
700 3678 808 3739 deleto
839 3676 931 3754 ὑμᾶς,
960 3673 1131 3758 παρέθενθ’
1161 3676 1329 3754 (οὕτως),
1354 3681 1438 3753 quod

208 3792 368 3867 proposui
401 3791 523 3852 Mnem.
558 3790 667 3851 XXIV
700 3769 744 3867 p(
763 3793 838 3853 308.
862 3792 1025 3853 Laborare
1049 3792 1221 3867 vulgatam
1244 3792 1349 3853 habeo
1371 3810 1440 3869 per·

209 3904 461 3966 suaeiasimum.

209 4157 268 4217 VS.
295 4157 372 4217 544.
480 4155 518 4215 σὺ
542 4154 574 4215 δέ
597 4178 663 4232 μοι
684 4155 760 4215 κατὰ
783 4156 913 4234 δαίμονα
937 4158 990 4217 καί
1011 4162 1099 4228 (τινα)
1123 4157 1285 4235 συντυχίαν

483 4267 605 4350 ἀγαθὴν
627 4268 709 4346 ἥκεις
730 4266 796 4345 ἐμοὶ
819 4270 924 4349 σωτήρ.

255 4384 322 4443 Pro
367 4385 518 4458 corrupto
561 4404 611 4458 μοι
656 4382 794 4471 Dindorf
835 4391 907 4459 ιον,
951 4384 1107 4459 Blaydes,
1155 4399 1252 4457 quem
1295 4384 1443 4457 sequitur

211 4499 414 4572 vLeeuwen,
450 4518 510 4555 που
540 4497 758 4557 coniecerunt.
791 4497 931 4558 Facilior
961 4499 1064 4558 etiam
1091 4498 1249 4559 correctio
1281 4500 1333 4557 eet
1370 4519 1443 4568 ιοι,

211 4610 301 4683 quod
325 4623 390 4669 non
414 4611 524 4670 minue
548 4612 661 4685 aptum
687 4609 828 4670 videtur.

211 4899 270 4961 Vs.
297 4898 374 4960 590.
483 4894 543 4960 εἴθ’
565 4900 596 4959 oi
611 4904 713 4972 κνῖπες
732 4899 798 4981 καί
820 4909 943 4979 ψῆνες
963 4898 1009 4960 αἰεί
1028 4898 1079 4972 τὰς
1100 4911 1192 4974 συκᾶς
1210 4900 1246 4961 οὐ
1264 4898 1434 4962 κατέδονται

257 5011 508 5089 Leeuwenium,
532 5014 625 5073 cuiue
644 5014 761 5074 doctus
780 5013 909 5089 legatur
929 5016 1205 5091 commentarium
1227 5014 1255 5075 si
1275 5015 1443 5090 audimuS,

210 5122 432 5210 manifestum
462 5125 549 5185 huuc
579 5138 724 5185 errorem
756 5126 826 5200 ipse
855 5128 952 5201 poeta
974 5128 1145 5187 commisit
1168 5143 1305 5188 rerum
1330 5130 1444 5189 natu·
