3867 6450
1095 1086 1116 1147 4
1291 1132 1296 1139 Ι

1835 1233 1836 1296 ι

1835 1339 1836 1372 r

495 1275 550 1337 VS.
577 1277 651 1337 161.
759 1271 854 1334 τοισδί
878 1274 948 1335 δύο
972 1272 1147 1353 δραχμὰς
1169 1278 1231 1346 τοῖς
1253 1269 1513 1351 ἀπεψωλημένοις.

541 1391 635 1451 Metti
650 1404 750 1450 causa
766 1388 903 1450 Diodori
917 1388 973 1449 δύο
986 1387 1127 1474 δαρχμάς.
1139 1388 1184 1449 At
1196 1388 1269 1449 vide
1282 1403 1336 1449 me
1347 1388 1461 1449 Herm.
1474 1385 1583 1446 XXIV
1594 1402 1625 1459 p.
1639 1385 1712 1445 605.

495 1654 551 1716 Vs.
579 1655 651 1715 167.
732 1654 769 1713 In
804 1652 1044 1713 Exercitiis
1079 1651 1267 1728 criticis,
1303 1651 1408 1713 Praei.
1444 1666 1474 1725 p.
1507 1650 1554 1711 XI
1589 1650 1713 1711 correxi

496 1772 587 1827 σωθῶ
610 1782 668 1842 pro
691 1774 757 1825 στῶ.
781 1765 915 1841 Recepit
939 1766 1133 1826 vLeeuwen.

378 2064 383 2075 .
495 2019 551 2081 Vs.
577 2020 651 2081 180.
761 2015 955 2096 ἀτεράμονες,
977 2016 1249 2098 μαραθωνομαίχοι,
1272 2015 1575 2094 σφενδάμνινοι.

539 2132 625 2193 Hinc
647 2132 819 2208 Synesius,
845 2131 939 2206 epist.
963 2130 1067 2191 LXVI
1085 2127 1135 2190 καί
1153 2138 1207 2190 τοῦ
1229 2133 1337 2190 ίοιτιοῦ
1361 2128 1574 2213 σφινδαμνίνφ
1593 2150 1644 2206 μοι
1666 2125 1716 2187 καί
1835 2183 1836 2186 ,

495 2242 688 2329 ἀνίινεστὲριμ
712 2241 883 2305 σονίσεσθε.

495 2498 551 2559 Vs.
578 2499 650 2559 192.
761 2494 861 2569 ὄζουσι
882 2488 988 2576 χαῦται
1010 2494 1164 2577 πρέσβεων
1187 2495 1229 2568 είς
1252 2494 1304 2569 τὰς
1327 2494 1428 2569 πόλεις

756 2590 915 2688 ὶὀξύτατον,
938 2609 1064 2690 ὥσπερ
1088 2610 1298 2689 διατριβῆς
1320 2619 1395 2671 τῶν
1418 2609 1638 2689 ξυμμάχων.

540 2726 645 2786 Locus
674 2725 820 2785 noudum
849 2727 1026 2785 correctus.
1057 2724 1124 2799 Ego
1155 2724 1269 2785 Exere.
1302 2724 1374 2786 crit.
1406 2741 1436 2800 p.
1469 2723 1512 2783 VI
1551 2725 1716 2786 coniciens
1835 2733 1836 2736 ’

496 2840 649 2917 διατριβῆς
682 2836 733 2897 καί
767 2836 931 2917 ξυλλόγου,
965 2836 1102 2918 διατριβή
1135 2836 1368 2913 intellegebam
1402 2838 1443 2899 de
1475 2852 1583 2915 mora,
1616 2853 1715 2912 quam

494 2953 749 3027 disceptationes
771 2952 804 3011 in
828 2950 1045 3013 conventibus
1068 2951 1247 3027 efficerent,
1271 2951 1329 3012 sed
1352 2952 1476 3012 rectius
1495 2951 1638 3013 fortasse
1657 2952 1719 3011 hoc

494 3066 603 3141 ipsum
627 3065 824 3130 vocabulum
846 3066 880 3124 in
903 3064 1127 3138 suspicionem
1146 3064 1276 3125 vocavit
1295 3065 1492 3141 vLeeuweu,
1515 3080 1612 3139 quem
1632 3064 1718 3125 vide.

495 3180 631 3241 Frustra
660 3182 773 3243 tamen
804 3193 925 3254 quaero
953 3178 1030 3253 quid
1062 3177 1134 3239 sine
1164 3178 1314 3254 graviore
1345 3178 1530 3240 mutatione
1560 3179 1719 3240 substitui

496 3293 611 3368 possit.
632 3295 702 3354 Hoc
720 3293 814 3354 video
834 3292 1033 3368 sententiae,
1055 3306 1155 3367 quam
1174 3292 1230 3354 ille
1249 3293 1333 3354 satis
1343 3292 1554 3368 probabiliter
1565 3292 1717 3369 requirit,

496 3406 669 3468 convenire
691 3407 884 3467 lectionem:

762 3514 915 3595 ὀξύτατον,
938 3514 985 3589 ὡς
1009 3514 1264 3591 ἀποστάσεως
1286 3527 1360 3579 τῶν
1384 3518 1605 3598 ξυμμάχων.

496 3633 638 3710 Quaerat
659 3632 760 3694 alius!

494 3884 550 3944 VS.
579 3877 651 3945 195.
1028 3934 1032 3938 .
1218 3877 1242 3944 ὦ
1265 3885 1428 3964 Διονύσια,

500 3985 501 3990 ¹
724 4042 727 4049 .
761 3987 849 4056 αὗται
872 3993 926 4074 μὲν
949 3992 1047 4068 ὄζονσ’
1075 3994 1241 4077 ἀμβροσίας
1263 3996 1314 4058 καί
1336 3995 1478 4079 νέκταρος

762 4107 826 4169 καί
850 4107 897 4187 μὴ
916 4105 1110 4190 ’ττιτηρεῖν
1134 4106 1202 4171 σιτί’
1229 4106 1349 4192 ἡμερῶν
1372 4121 1477 4192 τριῶν,

760 4222 818 4285 κάν
840 4235 879 4309 τῷ
904 4224 1025 4303 στόματι
1047 4222 1174 4305 λέγουσι·
1202 4223 1297 4306 ,βαῖν’
1324 4226 1394 4289 ὅποι
1416 4226 1547 4301 θίλεις”.
1835 4308 1836 4321 ,

538 4340 584 4400 De
613 4341 675 4400 hoc
703 4339 775 4400 loco
806 4339 858 4415 egi
888 4340 1009 4401 Mnem.
1040 4339 1061 4401 l.
1081 4341 1101 4402 1.
1133 4357 1163 4417 p,
1188 4342 1241 4402 47.
1273 4342 1379 4419 Nunc,
1410 4342 1615 4416 transposito
1639 4358 1718 4402 cum
1835 4326 1836 4397 3

494 4452 627 4513 Reiskio
651 4468 699 4514 vs.
727 4454 789 4512 198
813 4454 890 4513 ante
915 4453 989 4529 197,
1014 4454 1156 4514 conicio:
1614 4431 1618 4443 ¹

759 4563 816 4625 κάν
838 4575 878 4649 τῷ
902 4564 1023 4644 στόματι
1045 4563 1173 4646 λέγουσι·
1199 4563 1294 4646 ,βαῖν’
1321 4567 1391 4628 ὅτιοι
1412 4565 1526 4646 θέλεις,

764 4677 850 4754 ,καί
874 4674 1005 4758 μηκέτ’
1031 4679 1147 4760 αἴραν
1171 4677 1241 4742 σιτί’
1267 4677 1387 4762 ἡμερῶν
1410 4684 1533 4762 τριῶν”.
1835 4746 1836 4771 ,

493 4794 514 4853 i.
539 4807 566 4853 e.
594 4807 727 4865 neque
754 4793 941 4868 amplius
968 4795 1179 4868 portanda
1201 4796 1374 4872 suscipe
1398 4797 1527 4858 trium
1551 4796 1719 4858 dierum
1835 4774 1836 4777 Ἴ

494 4904 664 4968 cibaria.
700 4905 831 4965 Passim
869 4905 1126 4980 Aristophanem
1160 4907 1223 4968 hoc
1256 4923 1356 4969 sensu
1389 4909 1544 4970 adhibere
1579 4909 1720 4971 verbum

491 5017 630 5096 αἴρεσθαι
658 5034 755 5079 nemo
785 5019 926 5094 ignorat.
959 5054 1000 5063 —
1026 5020 1135 5082 Verba
1164 5015 1242 5100 βαῖν’
1276 5021 1344 5083 ὅποι
1375 5020 1472 5095 θέλεις
1503 5025 1720 5086 inmeutem

492 5133 649 5192 revocant
669 5130 796 5192 similes
817 5132 980 5193 formulas
1003 5134 1036 5194 in
1060 5134 1169 5195 titulis
1193 5137 1474 5198 manumissoriis.
