3867 6450
812 1021 852 1079 31

215 1209 276 1269 VS.
305 1210 401 1270 1296.
489 1207 560 1278 τοὺς
584 1201 610 1266 δ’
637 1204 805 1285 ἀντιβολεῖν
829 1203 867 1265 ἂν
892 1203 1043 1284 ὁμοίως.

266 1322 359 1383 Stud.
386 1320 466 1383 Orit.
494 1338 523 1395 p.
550 1323 602 1396 51,
628 1321 700 1381 coll.
725 1321 823 1395 Vesp.
848 1322 928 1396 555,
953 1321 1077 1380 conieci
1100 1317 1268 1391 ἐλεινῶς.
1292 1320 1446 1380 1151551115

214 1436 377 1496 tribuitur
411 1436 492 1495 haec
526 1434 715 1494 coniectura
748 1449 768 1493 a
797 1434 1005 1495 Leeuwcnio.
1036 1434 1122 1494 Num
1157 1434 1258 1508 igitur
1288 1434 1341 1493 hic
1371 1447 1446 1493 eam

214 1550 394 1624 proposuit
428 1550 504 1608 ante
539 1563 567 1607 5.
607 1549 703 1623 1812,
739 1562 802 1621 quo
835 1548 957 1622 prodiit
986 1563 1068 1622 opus
1098 1549 1236 1607 meum?
1265 1547 1350 1607 Utut
1380 1549 1445 1623 est,

214 1661 398 1737 probabilis
434 1661 562 1721 videtur
600 1660 753 1734 suspicio.
794 1660 954 1721 Similiter
992 1661 1098 1721 eidem
1133 1662 1203 1721 iure
1237 1663 1295 1720 aut
1327 1660 1447 1720 iniuria
1555 1746 1558 1751 ι

215 1775 351 1851 tribuit,
384 1774 468 1848 quod
498 1773 577 1834 olim
610 1788 658 1833 vs.
693 1774 778 1834 1316
808 1771 904 1833 τοιαδὶ
928 1775 1128 1851 propitietur
1150 1774 1365 1834 restituebam
1389 1788 1446 1848 pro

216 1890 415 1964 στωμυλεῖται
437 1885 543 1946 τοιαδί.
1266 1893 1270 1899 ’

219 2152 280 2213 Vs.
308 2154 403 2212 1300.
473 2153 630 2224 ξυνελθεῖν
661 2151 702 2225 εἰς
729 2151 827 2231 λόγον.
851 2152 1067 2226 Frequentior
1089 2151 1123 2211 in
1145 2152 1208 2211 hac
1230 2150 1372 2211 formula
1395 2152 1446 2210 est

217 2265 359 2340 pluralis
382 2265 497 2345 λόγους.

216 2515 278 2577 Vs.
306 2517 402 2577 1319.
490 2516 734 2588 παιωνίζειν.

266 2629 367 2691 Attici
413 2630 499 2690 bona
540 2632 649 2691 aetate
686 2631 743 2689 vix
785 2629 881 2690 aliter
915 2644 1015 2703 quam
1057 2628 1287 2699 παιανίζειν
1323 2630 1446 2690 dixisse

218 2742 384 2818 videntur,
409 2757 610 2817 quamquam
633 2744 722 2818 prior
744 2743 852 2803 iorma
874 2743 1014 2803 occurrit
1035 2743 1069 2801 in
1095 2742 1260 2802 codicibus
1282 2743 1357 2802 Pac.
1382 2744 1446 2803 555

218 2859 255 2915 51
286 2856 370 2930 apud
401 2856 484 2917 51155
513 2856 693 2930 scriptores
722 2855 852 2916 atticos.
885 2856 1029 2915 Ionicam
1062 2871 1136 2916 esse
1167 2854 1340 2916 confirmat
1368 2858 1447 2915 nota

216 2969 333 3029 fabula
359 2970 398 3030 de
429 2970 612 3031 Paeonibus
642 2970 727 3044 apud
757 2970 963 3030 Herodotum
995 2968 1023 3027 V
1055 2970 1080 3030 Ι.
1105 2969 1292 3030 Transiisse
1316 2971 1446 3031 videtur

217 3084 256 3142 in
289 3098 477 3144 sermonem
513 3098 724 3144 communem
760 3086 794 3143 et
827 3083 903 3142 inde
938 3083 991 3143 hic
1020 3082 1089 3143 illic
1122 3098 1158 3143 se
1193 3084 1385 3143 insinuasse
1411 3085 1444 3144 in

220 3198 373 3258 veterum
393 3212 521 3270 quoque
545 3197 732 3258 Atticorum
756 3197 889 3272 scripta.

218 3448 278 3508 VS.
307 3449 400 3510 1331.
488 3447 705 3528 τεττιγοφόρας.
1287 3533 1291 3540 .

266 3561 452 3636 Flagitante
482 3564 589 3622 metro
619 3563 703 3622 hanc
731 3562 873 3622 formam
897 3564 1046 3623 restituit
1068 3563 1191 3623 Porson
1216 3579 1258 3623 ex
1280 3564 1446 3638 Hesychio

218 3690 280 3750 pro
300 3675 847 3754 55115515155115115τεττιγοφόρος,
867 3692 965 3750 quam
986 3677 1135 3750 sequitur
1154 3676 1257 3736 etiam
1269 3676 1447 3752 Procopius

219 3788 372 3848 Gazaeus
389 3789 494 3864 Epist.
515 3789 623 3848 XVIII
645 3789 810 3849 scribens:
833 3785 884 3848 καὶ
903 3789 959 3868 γάρ
979 3805 1011 3848 σε
1034 3797 1091 3847 νῦν
1114 3779 1273 3866 ἔπιθυμῶν
1297 3786 1444 3873 ἀρχαίῳ

219 3901 390 3980 σχήματι
422 3902 707 3983 τεττιγοφόρον
738 3902 815 3963 ἰδεῖν
845 3901 955 3982 κέχηνα
984 3912 1020 3986 τῇ
1049 3902 1184 3986 θαλάττῃ
1206 3900 1274 3979 nrt,
1295 3903 1351 3962 ubi
1374 3902 1445 3963 fleri
1481 3896 1483 3900 ¹

218 4017 330 4091 potest
352 4020 389 4078 ut
415 4017 561 4097 λαμπρόν,
584 4019 669 4093 quod
692 4019 777 4093 apud
800 4018 1057 4093 Aristophanem
1079 4019 1154 4092 post
1173 4017 1299 4094 σχήματι
1315 4017 1445 4076 additur

220 4134 279 4198 (sc.
307 4127 467 4208 λαμπρὸς),
492 4131 660 4192 exciderit.

220 4381 277 4441 Vs,
307 4381 400 4443 1343.
487 4383 603 4454 τούτοις
627 4379 715 4444 ὁπότε
738 4382 878 4461 χρήσαιτό
901 4406 944 4454 τις
968 4382 1146 4462 προοιμίοις.

267 4494 384 4555 Verte:
417 4495 483 4555 bis
514 4496 645 4565 (verbis)
681 4498 851 4570 quoties
889 4496 1048 4569 oliquis
1082 4491 1279 4575 (tamquam)
1308 4510 1444 4570 prooe-

221 4607 322 4667 miis
346 4608 556 4669 utebatur.
581 4609 766 4683 speciosius
789 4624 886 4683 quam
912 4609 1024 4669 verius
1046 4613 1107 4680 τοῖς
1129 4624 1187 4683 pro
1210 4631 1251 4679 τις
1275 4609 1445 4683 proposuit

220 4721 371 4796 Lentibg.

223 4959 280 5019 Vs.
308 4960 404 5020 1355.
491 4960 570 5020 Voci
616 4975 754 5034 graecae
800 4947 972 5038 βωμόλόχος
1018 4959 1195 5034 respondet
1235 4959 1302 5018 fere
1343 4957 1447 5018 latina

221 5071 399 5132 balatro.
425 5071 574 5142 511151.
599 5073 666 5134 Sat.
690 5073 705 5131 Ι
729 5075 762 5150 2,
788 5075 818 5133 3.
