3867 6450
2123 1034 2247 1094 106

961 1233 1058 1278 ex
1119 1221 1338 1280 omni
1404 1221 1722 1297 Attica,
1784 1236 1911 1296 quo
1974 1235 2173 1281 sensu
2237 1218 2685 1280 necessarium
2741 1219 2912 1279 foret
2957 1216 3020 1277 ἐκ
3065 1216 3302 1294 πάσης
3361 1224 3487 1291 τῆς

959 1331 1171 1409 χώρας.
1216 1332 1622 1394 vertendum
1684 1350 1777 1395 ex
1843 1333 2068 1394 omni
2131 1333 2194 1402 (i.
2243 1348 2299 1392 e.
2365 1335 2776 1405 unaquaque)
2823 1333 3086 1407 terra,
3135 1329 3319 1390 scil.
3382 1345 3483 1390 ex

959 1444 1277 1506 universa
1358 1446 1630 1507 Graecia
1718 1447 2065 1522 (reliquum
2148 1447 2475 1505 terrarum
2558 1444 2782 1504 orbem
2865 1459 3099 1520 parum
3189 1442 3487 1503 Graeci

962 1557 1303 1628 curabant)
1362 1557 1455 1620 Cf.
1514 1574 1610 1620 vs,
1673 1561 1804 1620 463
1869 1555 1932 1618 σὲ
1992 1566 2232 1636 πρῶτον
2294 1554 2641 1635 ἐκβαλόντες
2704 1554 2780 1616 ἐκ
2842 1564 2972 1633 τῆς
3022 1551 3481 1625 Ἑλλάδος.

964 1670 1144 1745 Quod
1213 1673 1440 1731 autem
1510 1687 1605 1733 vs,
1677 1673 1808 1732 434
1877 1672 2122 1746 legitur
2181 1664 2425 1730 ἐνθένδ’
2488 1667 2784 1745 ἀφανίσαι
2856 1685 2990 1732 non
3057 1686 3217 1731 eam
3313 1670 3481 1730 vim

964 1781 1189 1860 habet,
1252 1785 1326 1844 ut
1369 1786 1563 1859 poeta
1606 1785 1905 1846 dicturus
1952 1800 2049 1845 ex
2103 1784 2327 1844 omni
2374 1784 2665 1844 Attica
2710 1783 3061 1844 articulum
3111 1784 3486 1844 omittere

964 1898 1272 1971 potuerit.
1322 1898 1463 1958 Non
1509 1899 1715 1974 igitur
1761 1899 2214 1960 necessarium
2263 1898 2543 1973 videtur,
2593 1899 2766 1971 quod
2812 1898 2855 1959 l.
2881 1898 2924 1959 l.
2972 1898 3353 1973 proposui:

1501 2011 1879 2088 ζητοῦντε
1929 2020 2061 2088 τῆς
2109 2008 2304 2087 πάσης
2351 2032 2421 2087 με
2467 2009 2659 2090 χώρας
2707 2007 2995 2087 ἐκβαλεῖν.

968 2123 1169 2191 etiam
1238 2123 1458 2184 minus
1528 2124 1938 2198 probandum
2006 2125 2349 2200 propterea
2416 2123 2584 2198 quod
2652 2137 2803 2199 post
2871 2123 3071 2184 verba
3138 2139 3317 2184 cum
3403 2121 3472 2194 ἐξ

966 2235 1333 2309 composita
1377 2235 1852 2312 Aristophanes
1898 2239 2140 2304 iterare
2185 2238 2354 2298 solet
2400 2238 2974 2312 praepositionem.

971 2460 1083 2522 Vs,
1135 2461 1284 2520 475.
1423 2463 1715 2538 Append.
1780 2464 1860 2523 ad
1924 2464 2109 2525 Stud.
2176 2464 2319 2524 crit.
2370 2463 2481 2523 1.1.
2533 2463 2697 2523 mihi
2743 2466 3115 2538 suspectus.
3166 2463 3305 2524 Sed
3369 2463 3460 2522 cf.

972 2573 1344 2635 Leeuwenii
1390 2577 1550 2635 nota
1595 2575 1841 2636 critica.

976 2798 1086 2860 VS.
1139 2800 1290 2861 587.
1523 2807 1797 2882 φθειρῶν
1848 2797 1899 2861 δ’
1956 2800 2222 2882 ἀριθμὸν
2283 2799 2410 2860 καὶ
2470 2802 2863 2861 κωνώπων
2918 2798 3049 2861 καὶ
3103 2807 3460 2879 ψυλλῶν

2765 2911 2910 2975 οὐδὲ
2953 2912 3104 2994 λέγω
3150 2930 3250 2976 σοι

1514 3026 1661 3088 ὑπὸ
1745 3036 1882 3088 τοῦ
1967 3028 2366 3106 πλήθους,
2448 3029 2528 3087 αἲ
2594 3029 3048 3106 βομβοῦσαι
3115 3025 3254 3107 περὶ
3330 3026 3456 3104 τὴν

2679 3138 2952 3217 κεφαλὴν
2998 3137 3251 3200 ἀνιῶσιν

1512 3252 2081 3335 ἐπεγείρουσαι
2155 3253 2258 3314 καὶ
2342 3253 2810 3332 φράζουσαι·
2888 3254 3222 3332 πεινήσεις,
3309 3249 3446 3313 ἀλλ’

2934 3365 3250 3428 ἐπανίστω.

1071 3478 1477 3541 Perabsurde
1545 3480 1859 3555 pediculis
1928 3484 1998 3542 et
2063 3482 2390 3557 pulicibus
2441 3483 2504 3543 h.
2553 3482 2594 3543 1.
2665 3481 2971 3543 tribuitur
3027 3481 3093 3543 τὸ
3153 3484 3448 3562 βομβεΐν,

980 3607 1101 3653 nec
1145 3592 1269 3652 hoc
1314 3591 1553 3655 saltem
1601 3592 1771 3662 (vide
1817 3609 1983 3667 quae
2031 3594 2111 3655 ad
2160 3596 2284 3655 Av.
2326 3596 2456 3655 590
2495 3595 2830 3666 adnotavi)
2869 3597 3175 3656 excusari
3212 3597 3450 3671 potest

981 3719 1200 3765 rerum
1263 3705 1665 3765 naturalium
1728 3707 1952 3767 nescio
2013 3723 2144 3781 qua
2193 3708 2473 3783 incuria,
2525 3708 2638 3768 sed
2684 3707 2869 3767 locus
2914 3709 3057 3768 sine
3104 3710 3241 3769 ulla
3286 3724 3445 3769 con·

980 3817 1309 3878 troversia
1391 3820 1739 3894 corruptus
1820 3824 1942 3880 est.
2025 3821 2322 3895 Accedit,
2396 3821 2565 3893 quod
2630 3821 2878 3894 optime
2945 3821 3447 3882 demonstravit

983 3932 1349 3992 vLeeuwen
1410 3929 1689 3992 absurde
1751 3933 1978 3993 addita
2037 3950 2186 3994 esse
2245 3932 2449 3993 verba
2492 3930 2612 3992 ὑπὸ
2657 3940 2763 3992 τοῦ
2809 3932 3117 4010 πλήθους,
3162 3949 3332 4008 quae
3383 3933 3445 3992 si

984 4046 1167 4120 sunt,
1231 4047 1306 4104 ut
1368 4044 1477 4104 ille
1531 4046 1747 4122 putat,
1809 4046 2231 4123 glossatoris,
2301 4048 2523 4107 nescio
2561 4047 2694 4107 fere
2744 4063 2828 4108 an
2879 4048 3192 4123 primitus
3236 4048 3443 4107 fuerit

984 4155 1080 4218 ἐπὶ
1112 4165 1221 4217 τοῦ
1243 4154 1521 4233 πλήθους
1548 4157 1954 4233 adscriptum
1981 4176 2021 4219 a
2045 4162 2512 4236 grammatico,
2554 4164 2628 4220 ut
2651 4162 2919 4221 doceret
2940 4160 3152 4221 subst.
3177 4158 3442 4238 ἀριθμός

985 4270 1092 4330 hic
1135 4268 1215 4328 de
1262 4266 1686 4330 multitudine
1732 4272 2039 4346 usurpari
2084 4289 2124 4333 a
2166 4276 2382 4357 poeta.
2429 4274 2674 4334 Locum
2722 4274 2963 4347 partim
3001 4273 3324 4346 corrigere
3365 4286 3438 4331 se

985 4383 1177 4458 putat
1237 4379 1489 4456 collega
1548 4384 1870 4443 mutando
1932 4389 2181 4458 ψυλλῶν
2242 4388 2311 4445 in
2357 4394 2577 4462 μυιῶν,
2623 4388 2692 4445 at
2738 4399 2931 4459 aegre
2977 4385 3280 4458 equidem
3329 4384 3443 4442 hic

986 4494 1432 4556 desiderarem
1512 4496 1879 4573 puliceS,
1962 4498 2278 4559 bestiolas
2351 4498 2738 4559 immundae
2811 4498 3223 4573 paupertatis
3304 4511 3441 4556 una

989 4622 1142 4669 cum
1194 4605 1516 4682 pediculis
1576 4608 1709 4669 fere
1769 4612 2097 4688 propriae,
2142 4612 2301 4673 dum
2347 4625 2732 4672 muscarum
2785 4611 3036 4672 mentio
3082 4612 3235 4685 post
3278 4609 3438 4669 culi-

989 4737 1142 4783 cum
1211 4719 1605 4798 abundaret,
1677 4726 1760 4809 ut·
1826 4725 2175 4799 neglegam
2243 4723 2308 4785 τὸ
2377 4726 2627 4803 βομβεῖν
2697 4725 2981 4785 culicum
3053 4738 3232 4798 esse,
3305 4737 3437 4783 non

988 4849 1394 4896 muscarum.

1082 4950 1257 5022 Quae
1320 4964 1471 5010 cum
1523 4950 1619 5009 ita
1678 4952 1843 5032 sint,
1899 4950 2112 5011 redire
2172 4952 2367 5013 liceat
2426 4954 2510 5014 ad
2557 4955 2852 5013 veterem
2909 4966 3130 5012 meam
3179 4950 3437 5011 senten·

990 5066 1179 5140 imm,
1242 5078 1442 5135 quam
1501 5064 1675 5123 iusto
1723 5064 1988 5123 brevius
2034 5078 2155 5124 nec
2197 5067 2369 5126 satis
2412 5069 2590 5126 recte
2637 5065 3011 5140 expositam
3060 5063 3242 5124 Stud.
3292 5062 3439 5122 crit.
