3867 6450
1110 1092 1152 1152 68

514 1277 671 1338 ralium
705 1278 843 1340 minus
877 1279 1085 1340 curiosus.
1121 1277 1258 1354 Qualem
1288 1281 1317 1340 si
1348 1281 1405 1342 alii
1436 1281 1499 1342 loci
1529 1297 1607 1344 eum
1638 1283 1743 1344 fuisse

512 1393 701 1467 arguerent,
731 1391 827 1453 facile
857 1391 970 1452 critico
1000 1391 1152 1453 Leidensi
1181 1394 1390 1457 assentirem.
1419 1396 1514 1458 Nunc
1537 1397 1742 1472 probabilius

513 1505 652 1566 arbitror
673 1501 724 1564 τιαέ
745 1511 843 1582 ψῆνες
864 1503 984 1566 leniter
1006 1502 1231 1580 retingendum
1255 1521 1330 1569 esse
1353 1507 1387 1568 in
1408 1508 1475 1568 καί
1497 1518 1655 1588 σφῆκες.

513 1733 570 1793 VS.
595 1733 671 1794 593.
779 1729 815 1791 τὰ
845 1725 990 1808 μέταλλ’
1021 1728 1123 1804 αὐτοῖς
1153 1732 1472 1812 μαντευομένοις
1503 1728 1586 1797 οὗτοι
1608 1737 1740 1798 δώσουσι

1467 1847 1503 1909 τά
1526 1851 1651 1929 χρηστά,

780 1955 847 2028 τάς
876 1951 897 2015 τ’
930 1953 1075 2038 ἐμπορίας
1101 1955 1154 2030 τὰς
1184 1957 1343 2038 κερδαλέας
1372 1959 1469 2040 πρὸς
1500 1961 1567 2024 τὸν
1596 1963 1738 2040 μάντιν

1461 2083 1650 2153 κατεροῦσιν,

779 2176 843 2244 ὥστ’
869 2179 1023 2244 άπολεῖται
1045 2191 1105 2244 τῶν
1128 2183 1308 2264 ναυκλήρων
1331 2183 1440 2258 οὐδείς.

557 2299 753 2360 Rectissime
783 2295 884 2358 (lebet
913 2297 1106 2358 emendavit
1135 2295 1171 2356 τὰ
1201 2293 1255 2374 μέν
1285 2291 1351 2357 in’
1379 2331 1420 2342 -
1451 2297 1503 2370 τὰς
1528 2294 1559 2359 d’
1584 2297 1736 2378 ἐμπορίας,

513 2414 571 2474 sed
601 2412 699 2473 latuit
728 2425 898 2471 summum
929 2409 1081 2471 criticum
1113 2410 1309 2472 mendosum
1335 2426 1410 2473 esse
1433 2410 1677 2489 μαντευομένοις,
1699 2415 1734 2472 ut

513 2529 586 2602 ipss
608 2525 709 2586 verba
726 2524 875 2599 opposita
892 2522 967 2602 πρὸς
986 2523 1038 2582 τὸν
1057 2523 1163 2600 μάντιν
1182 2533 1359 2602 τοτεροοοιν
1378 2525 1564 2587 luculenter
1580 2528 1730 2600 arguunt,

512 2654 617 2712 neque
650 2640 751 2714 igitur
783 2637 907 2698 mirum
944 2639 997 2698 est
1029 2637 1276 2714 Leeuwenium,
1320 2654 1419 2714 quem
1454 2639 1542 2700 idem
1578 2639 1728 2700 mendum

512 2753 652 2827 latebat,
675 2751 875 2812 retinentem
898 2743 918 2808 τ’
943 2753 1021 2826 post
1042 2749 1093 2822 τάς
1115 2752 1323 2828 rescripsisse
1346 2752 1386 2814 de
1409 2767 1486 2812 suo:

779 2860 1025 2940 μαντευομένοιοι
1058 2863 1100 2923 τά
1135 2857 1157 2922 τ’
1192 2859 1264 2924 άλλ’
1298 2863 1400 2936 αὐτοῖς
1431 2857 1514 2924 οὗτοι
1544 2865 1667 2926 deidonus
1696 2862 1730 2921 τὰ

1542 2977 1648 3058 χρηστά

558 3093 602 3154 At
624 3091 736 3168 procul
759 3090 856 3152 dubio
878 3091 1120 3166 Aristophanes
1143 3091 1248 3152 dedit:

781 3200 823 3263 τά
853 3199 922 3281 μέν
952 3197 1024 3264 άλλ’
1050 3201 1154 3276 αὐτοῖς
1177 3197 1280 3264 πάντ’
1307 3200 1543 3284 εὐχομένοις
1565 3201 1621 3264 ιιτέ.

513 3321 533 3381 i.
558 3336 586 3380 e.
621 3317 801 3390 Reliqua
835 3317 1002 3391 quidem
1041 3316 1181 3377 omnis
1221 3318 1502 3393 precantibus
1537 3319 1592 3379 iis
1625 3318 1726 3377 Aves

511 3435 616 3494 bona
649 3430 819 3504 dabunt,
855 3431 927 3491 sed
961 3431 1007 3491 de
1041 3431 1300 3491 mercaturis
1334 3431 1561 3493 lucriferie
1598 3433 1724 3491 vatem
1815 3478 1816 3508 ,

513 3545 749 3609 consulent.
779 3542 940 3604 Videlicet
971 3543 1128 3604 vaticinio
1151 3543 1299 3617 indigent
1322 3560 1547 3621 quaecumque
1569 3547 1639 3606 tota
1659 3556 1724 3618 pen·
1814 3556 1815 3602 l

512 3664 591 3723 dent
610 3676 630 3720 a
648 3659 803 3719 Fortuna.
823 3656 1027 3717 Notissimae
1046 3658 1158 3715 autem
1178 3666 1255 3716 sunt
1275 3655 1437 3718 formulae
1458 3656 1613 3736 εὔχεσθαι,
1630 3656 1725 3729 αἰτεῖν,

511 3772 630 3835 διδόναι
663 3769 783 3850 τάγαθά
817 3771 888 3831 sive
918 3768 954 3829 τὰ
987 3768 1106 3848 χρηστά.
1140 3801 1178 3811 -
1212 3769 1274 3829 Sed
1305 3771 1454 3831 nondum
1485 3771 1533 3831 ita
1562 3771 1614 3832 hic
1642 3770 1723 3830 locus

510 3887 706 3961 persanatus
735 3884 800 3957 est,
831 3884 1010 3945 manifesto
1041 3884 1131 3943 enim
1160 3883 1281 3958 uitiosa
1311 3885 1390 3944 sunt
1416 3884 1517 3944 etiam
1542 3884 1640 3943 verba
1660 3878 1724 3958 τορὸς

511 3998 562 4059 τὸν
595 3998 716 4075 μάντιν,
744 3997 917 4069 propterea
946 3997 1032 4071 quod
1063 4011 1127 4056 non
1157 3996 1331 4056 hominurn
1361 3999 1413 4057 eet
1443 3996 1588 4057 indicare
1615 4008 1722 4055 merca·

511 4115 604 4173 turus
637 4113 766 4173 lucrum
801 4111 995 4190 praebentes
1030 4108 1173 4183 vatibus,
1208 4109 1267 4168 sed
1301 4110 1433 4172 inversa
1463 4110 1590 4170 ratione
1620 4109 1722 4167 vatum

510 4226 707 4288 hominibus.
732 4228 813 4305 Quid
836 4227 936 4302 igitur
958 4223 1156 4296 legendum?
1179 4222 1295 4283 Procul
1318 4223 1415 4283 dubio
1438 4222 1513 4283 hoc:

777 4339 828 4412 τὰς
863 4333 894 4398 ‹i'
928 4335 1072 4415 ἐμπορίας
1102 4334 1153 4406 τὰς
1184 4334 1342 4415 κερδαλέας
1372 4337 1540 4415 πρώτοις
1575 4336 1721 4414 μάντεις

1462 4458 1645 4527 κατεροῦσιν.

555 4566 694 4641 Quinem
727 4582 803 4626 vero
837 4569 915 4626 sunt
949 4566 983 4625 hi
1018 4567 1144 4627 retest
1164 4565 1231 4640 Ipsi
1261 4581 1354 4640 aves;
1387 4564 1504 4639 quippe
1535 4562 1650 4639 μάντεις
1679 4559 1722 4620 est

509 4678 681 4753 appositiO.
718 4678 764 4739 cl.
798 4695 846 4738 vs·
879 4680 943 4739 595
975 4683 1096 4755 προερεῖ
1124 4701 1166 4748 τις
1197 4676 1242 4738 ἀεὶ
1273 4687 1331 4737 τῶν
1361 4672 1496 4754 ὀρνίθων
1526 4672 1721 4753 μαντευομένῳ

509 4789 575 4867 περὶ
598 4798 652 4849 τοῦ
674 4794 759 4851 elon.
792 4790 856 4851 Gur
879 4793 990 4850 autem
1011 4790 1160 4866 τρώτοιςῖ
1185 4791 1345 4851 Videlicet
1367 4788 1614 4851 consulentibus
1636 4786 1721 4847 ante

508 4903 628 4962 allos.
661 4902 713 4962 Sic
743 4904 877 4963 demum
908 4904 1021 4962 omnia
1046 4904 1218 4978 perspicua
1241 4905 1318 4964 eunt
1342 4906 1375 4963 et
1398 4902 1521 4977 optime
1545 4899 1720 4961 concinunt.

508 5014 612 5091 Quem
639 5014 736 5075 facile
766 5030 843 5075 vero
874 5015 1265 5074 ΠΡΟΤΟΙΣΜΑΝΤΕΙΣ
1294 5016 1328 5074 in
1366 5009 1721 5073 ΠΡΟΣΤΟΝΜΑΝΤΙΝ

509 5125 599 5187 abire
622 5128 740 5200 potuit!
