3867 6450
829 1010 871 1069 93

243 1197 292 1258 Vs.
316 1200 382 1259 559
407 1201 443 1260 et
465 1200 540 1260 611.
609 1196 657 1259 Oi.
681 1196 794 1257 Herm.
819 1195 875 1256 1.1.

243 1423 293 1482 Vs·
317 1425 394 1485 592.
485 1422 662 1496 ἀνανεάζειν
693 1422 840 1517 σαυτὸν
871 1420 940 1483 ἀεί.

233 1597 236 1600 ,
281 1537 445 1612 Quidquid
485 1538 569 1598 latet
609 1538 671 1598 sub
713 1537 912 1612 interpolata
952 1536 1093 1597 lectione
1128 1535 1240 1596 σαυτὸν
1274 1533 1333 1612 ἀεί,
1366 1552 1465 1611 quem

125 1708 126 1733 χ
243 1650 352 1722 optimi
380 1626 511 1711 oodioes
535 1651 710 1727 omittunt,
736 1667 801 1712 non
823 1651 991 1725 persuasit
1014 1650 1098 1710 mihi
1120 1651 1325 1711 novissimus
1349 1651 1466 1728 editor,

125 1738 126 1813 Ῐ
243 1764 293 1835 qui
314 1765 352 1824 de
376 1780 438 1825 suo
466 1766 673 1827 substituens
699 1764 831 1843 σοβαρὸν
851 1762 923 1824 ὄντα
942 1768 1037 1840 putat
1057 1766 1289 1827 nonnullorum
1308 1766 1465 1828 librorum

125 1920 126 1933 2
243 1876 415 1938 lectionem
436 1878 512 1960 πρρς
535 1877 568 1938 τὸ
591 1876 723 1958 σοβαρὸν
745 1882 860 1940 uatem
881 1893 955 1940 esse
974 1895 1017 1939 ex
1035 1879 1263 1940 observatione
1283 1880 1467 1953 antiquiore

244 1987 272 2046 ιὸ
297 1993 328 2048 X
354 1993 438 2061 (sive
467 1990 500 2051 τὸ
531 1997 666 2069 σημεῖον)
694 1991 769 2071 πρὸς
798 1990 831 2051 τὸ
862 1991 1007 2071 σοβαρόν,
1039 2008 1121 2066 quae
1150 1993 1195 2052 sit
1216 2008 1297 2053 vox
1320 1994 1465 2054 rarior.

246 2101 328 2176 Quod
353 2121 437 2166 sane
463 2107 553 2166 credi
575 2110 701 2183 posset,
723 2107 752 2166 si
775 2121 890 2167 revera
912 2109 1003 2166 esset
1021 2107 1137 2182 rarior,
1162 2106 1220 2166 sed
1243 2107 1331 2166 enim
1356 2107 1466 2181 ipsum

245 2220 438 2281 eontrarium
473 2222 643 2297 apparebit
679 2222 876 2296 consulenti,
913 2236 954 2282 ne
989 2221 1109 2295 longus
1144 2220 1223 2295 sim,
1260 2220 1466 2281 Thesaurum

246 2330 399 2395 Graecum
429 2337 491 2396 sub
522 2351 562 2396 ea
592 2352 685 2412 voce,
716 2337 802 2396 uude
832 2336 959 2396 videbis
989 2335 1167 2396 senioribus
1190 2336 1385 2409 praesertim
1410 2337 1467 2395 vix

125 2514 126 2531 χ
247 2443 342 2506 ullum
360 2449 560 2509 vocabulum
578 2449 681 2510 tuisse
704 2449 911 2509 familiarius.
932 2449 1086 2509 Veterem
1106 2449 1260 2509 lacunam
1279 2451 1351 2510 sine
1370 2451 1467 2510 novis

125 2538 126 2577 1
247 2557 396 2622 subsides
419 2562 566 2637 explebit
588 2558 660 2622 oeae
682 2563 763 2634 αις.

248 2783 297 2846 VS.
321 2789 397 2850 599.
507 2787 566 2849 ὅτι
589 2785 642 2867 μὲν
666 2797 740 2866 νῦν,
761 2785 800 2868 ἣν
823 2787 949 2868 χρηστὸν
973 2781 992 2872 ᾖ
1016 2811 1057 2866 τι,

508 2899 587 2963 ταῦτ’
613 2901 811 2982 ἀφαιρεῖσθαι
833 2902 923 2963 πάλιν
946 2924 1008 2962 ιιει-

509 3017 632 3095 ράσεταί
653 3013 678 3094 μ’
706 3008 739 3076 εὖ
763 3009 821 3076 ole’
849 3015 916 3075 ὅτι.

288 3127 389 3190 Nemo
412 3146 471 3205 pro
494 3133 584 3191 terto
607 3131 770 3202 affirmare
793 3131 928 3205 poterit,
953 3133 1066 3190 utrum
1086 3145 1161 3190 cum
1182 3130 1356 3203 Blaydesio
1375 3131 1467 3205 prius

252 3236 290 3297 iu
315 3243 349 3303 in
380 3242 431 3303 ὅδε
461 3243 688 3319 retingendum
715 3245 773 3320 sit,
798 3261 840 3304 an
864 3260 940 3305 eum
964 3244 1117 3304 Velsenio
1140 3244 1205 3313 (oui
1228 3243 1468 3329 obtemperauit

251 3353 437 3428 vLeeuwen)
470 3359 635 3434 posterius
668 3360 702 3418 in
736 3356 806 3437 ἐγώ,
839 3358 924 3419 lenis
955 3358 1045 3418 enim
1075 3360 1108 3417 et
1140 3360 1217 3432 apta
1247 3360 1298 3418 est
1328 3360 1467 3429 utraque

251 3471 393 3531 mutatio.
425 3472 487 3531 Pro
517 3472 575 3532 illa
605 3476 718 3533 tamen
747 3472 892 3532 fortasse
923 3471 1058 3545 militat,
1088 3471 1173 3544 quod
1197 3470 1332 3530 auribus
1355 3470 1467 3529 minus

251 3585 373 3649 gratum
396 3588 448 3644 est
470 3581 526 3663 ἐγώ
549 3587 681 3660 propter
703 3585 908 3658 subsequens
932 3581 988 3662 ἐγὼ
1012 3581 1144 3660 παρέξω,
1167 3584 1201 3643 et
1219 3584 1305 3657 quod
1323 3582 1468 3642 formula

252 3694 297 3752 est
318 3696 438 3758 Atticis
462 3697 1020 3773 etAristophanifamiliarissima
1043 3686 1076 3755 εὖ
1100 3690 1158 3755 οἶδ’
1185 3694 1236 3755 ὅτι.

253 3917 302 3980 VS.
324 3926 398 3985 615.
491 3924 557 3983 ιιαί
578 3942 640 3984 σοι
662 3924 778 4001 ποιήσω
800 3933 922 4003 πρᾶγμα
946 3928 1087 4004 γενναῖον
1111 3921 1201 3983 πάνυ.

290 4035 433 4098 Scribere
468 4038 615 4113 potuit,
652 4054 717 4098 non
752 4039 913 4113 debuit,
942 4038 1183 4111 Aristophanes
1211 4034 1358 4110 καίτοι,
1381 4036 1467 4107 quod

253 4151 352 4209 suasit
373 4152 408 4211 Ε.
430 4151 518 4211 Grai.
537 4151 617 4212 Vide
634 4168 665 4211 V.
683 4168 709 4213 c.
733 4151 816 4211 Nub.
842 4152 905 4210 427
931 4148 995 4229 λέγε
1020 4172 1075 4208 νυν
1099 4145 1170 4224 ἡμῖν
1196 4146 1257 4205 ὅτι
1282 4164 1328 4206 σοι
1349 4147 1467 4225 δρῶμεν

253 4260 377 4341 θαρρῶν.

252 4485 302 4549 VS.
325 4493 400 4553 642.
491 4492 614 4553 Xanth.
645 4499 707 4562 πῶς
738 4481 795 4550 οὖν
822 4491 975 4567 βασανιεῖς
999 4488 1041 4549 νὼ
1066 4488 1202 4560 denotem
1226 4488 1322 4548 Ianit.
1347 4486 1464 4570 ῥᾳδίας.

629 4599 797 4683 πληγὴν
819 4600 901 4681 παρὰ
924 4600 1041 4682 πληγὴν
1065 4599 1213 4680 ἑκάτερον.

290 4717 471 4779 Perdurum
498 4720 552 4778 est
583 4718 759 4778 admittere
791 4716 921 4790 ellipsin
949 4716 1115 4789 participii
1145 4714 1258 4789 παίων,
1287 4713 1372 4773 unde
1396 4728 1465 4773 sus·

253 4842 368 4901 pensus
396 4832 454 4892 sit*
469 4832 679 4893 accusativus
707 4828 841 4908 πληγήν,
871 4844 932 4889 neo
963 4830 1147 4903 comparari
1170 4829 1281 4903 potest
1302 4829 1382 4886 nota
1404 4826 1465 4886 for·

254 4946 338 5006 mula
365 4953 423 5023 γῆν
454 4943 512 5023 πρὸ
542 4952 596 5024 γῆς
627 4942 777 5018 ἐλαύνειν,
808 4941 942 5017 διώκειν,
973 4942 1110 5019 φεύγειν,
1136 4941 1248 5013 itaque
1272 4940 1330 4999 vix
1353 4939 1465 4999 dubito

253 5060 324 5128 quin
345 5059 553 5120 admittenda
574 5059 619 5127 sit
641 5058 728 5117 lenis
750 5056 917 5130 Blaydesii
940 5054 1100 5115 correctio
1123 5057 1258 5137 simp.
