3867 6450
1058 1091 1101 1153 28

469 1278 523 1337 Vs.
552 1279 647 1339 1026.
736 1277 834 1355 ὥσπερ
859 1276 1013 1355 ἀθάρης
1037 1296 1093 1338 σον
1116 1286 1175 1337 τῶν
1198 1278 1307 1358 λογίων
1331 1278 1550 1357 παρεσθίει.

512 1392 599 1451 Bene
630 1393 710 1453 haec
742 1393 841 1454 verba
871 1395 1107 1468 interpretatur
1132 1392 1328 1468 vLeeuweu,
1357 1407 1462 1466 neque
1486 1392 1584 1453 unius
1607 1392 1708 1452 assis

469 1508 519 1565 est
550 1505 703 1566 Verrallii
738 1508 890 1568 ariolatio
920 1510 1050 1581 θύρας
1082 1541 1110 1548 --
1154 1506 1408 1581 παρειιέθει,
1442 1508 1491 1567 he
1524 1507 1706 1582 slipped

468 1618 509 1677 in
541 1620 582 1677 at
612 1619 681 1679 the
713 1622 812 1680 door
843 1620 885 1679 ol
912 1634 1013 1693 your
1044 1620 1198 1680 oracla

470 1872 525 1933 Vs.
554 1874 647 1934 1046.
735 1874 892 1934 Fortasse
921 1874 1000 1934 ferri
1032 1874 1141 1948 potest
1170 1874 1401 1947 plerorumque
1424 1872 1575 1932 codicum
1598 1871 1708 1930 lectio

470 1986 582 2063 ξύλων,
612 1986 685 2047 coll.
716 1988 836 2047 Herod.
870 1988 901 2047 II
933 1988 975 2049 63
1007 1985 1111 2046 πολλοὶ
1134 1985 1260 2057 ξύλων
1287 1986 1419 2059 κορύνας
1442 1983 1564 2063 ἔχοντες.
1589 1984 1707 2043 Minus

470 2104 582 2159 tamen
602 2100 780 2161 insolenter
799 2101 940 2175 Blaydes
960 2101 1100 2162 coniecit
1119 2099 1225 2171 ξύλον,
1244 2099 1328 2172 quod
1344 2102 1433 2159 certe
1444 2097 1705 2172 praeferendum

471 2214 604 2273 lectioni
637 2214 725 2284 ξύλον
761 2217 912 2288 receptae
942 2230 962 2273 a
992 2213 1196 2273 Leeuwenio.
1228 2213 1344 2272 Potest
1373 2213 1473 2272 etiarn
1504 2212 1608 2271 conici
1640 2209 1707 2267 κάκ

472 2326 567 2395 ξύλων
591 2342 648 2401 pro
671 2324 721 2385 καλ
745 2328 851 2400 ξύλων,
874 2326 947 2387 coll.
975 2343 1022 2387 vs.
1052 2328 1146 2386 1310.

475 2580 528 2639 VS.
557 2581 652 2641 1057.
723 2577 895 2657 ·χὲσαιτο
927 2579 1014 2657 γάρ,
1045 2578 1070 2637 εἰ
1101 2579 1323 2657 μύχισοιιιο.

517 2693 699 2753 Verborum
730 2694 805 2753 lusu
837 2697 1017 2753 excusatur
1046 2693 1154 2754 forma
1178 2693 1300 2754 vitiosa
1322 2690 1439 2769 χέσαιτο
1463 2706 1521 2766 pro
1544 2689 1640 2767 χέσαι,
1665 2693 1708 2749 ut

473 2821 572 2881 supra
592 2822 640 2866 νε.
663 2807 724 2867 115
746 2806 875 2885 ῥέγκεται
896 2812 964 2881 (pro
986 2803 1091 2884 ῥέγκει)
1111 2806 1161 2865 καὶ
1179 2803 1325 2883 πέρδεται.
1345 2805 1517 2865 Manifesto
1530 2804 1707 2863 ludibundi

473 2925 552 2979 sunt
586 2920 667 2980 vitia
701 2922 741 2981 ad
775 2922 880 2980 risum
911 2921 1124 2994 captandum,
1156 2921 1193 2979 ut
1223 2918 1320 2992 πρίων
1350 2919 1430 2977 Ach.
1463 2918 1514 2977 36.
1540 2916 1708 2976 Similiter

474 3033 632 3111 hodieque
662 3033 745 3094 ludit
787 3034 880 3093 Musa
913 3035 1090 3108 popularis.
1126 3033 1222 3092 Facio
1257 3047 1333 3092 cum
1368 3033 1410 3090 iis
1444 3030 1499 3105 qui
1530 3030 1709 3103 requirunt

473 3162 531 3220 pro
564 3136 628 3224 ’γάρ
663 3147 858 3220 particulam
896 3146 1164 3205 conditionalem.
1200 3144 1383 3205 vLeeuwen
1419 3143 1606 3218 suspicatur
1640 3163 1709 3217 κεν,

474 3261 532 3319 sed
553 3261 680 3321 facilior
708 3261 866 3321 correctio
891 3263 941 3320 est
965 3255 991 3338 γ’
1017 3259 1064 3318 ύν.

476 3512 531 3572 Vs.
559 3514 654 3574 1068.
897 3513 1060 3591 ταχύπουν.

521 3627 582 3686 Hic
606 3627 796 3700 similesque
821 3627 883 3686 lool
908 3627 1028 3686 docent
1052 3626 1274 3699 antiquiorem
1299 3640 1373 3684 esse
1397 3638 1494 3684 usum
1518 3621 1706 3682 accusativi

477 3747 555 3797 πούν
586 3756 644 3814 pro
675 3739 753 3799 πόύα
785 3741 818 3798 in
850 3741 1058 3816 compositio,
1091 3754 1191 3812 quam
1222 3753 1240 3798 e
1269 3737 1379 3798 titulis
1410 3736 1521 3796 atticis
1547 3734 1705 3794 efficeres.

476 3851 547 3912 Vid.
572 3853 1016 3927 Meisterhans-Schwyzer
1039 3869 1071 3927 p.
1102 3853 1175 3928 149,
1201 3853 1232 3911 8.

478 4103 533 4163 Vs.
562 4105 656 4165 1102.
743 4103 892 4173 πολλάκις.
914 4103 991 4163 Sine
1011 4119 1111 4163 causa
1130 4101 1271 4176 Blaydes
1284 4099 1454 4179 πολλὰγὰρ.
1467 4099 1538 4159 Vid.
1554 4115 1600 4159 vs.
1617 4099 1706 4158 1222
1798 4125 1802 4132 ·

479 4221 511 4277 et
534 4234 618 4290 quae
642 4219 680 4278 de
703 4217 759 4296 γάρ
783 4219 908 4278 omisso
928 4218 1074 4277 scribam
1100 4219 1139 4276 ad
1164 4216 1282 4276 Pacem
1309 4230 1357 4274 vs.
1383 4215 1436 4275 47.

480 4469 535 4529 VS.
565 4469 658 4529 1280.
746 4465 803 4528 ἀλλ’
831 4467 871 4527 ἔτι
895 4462 1000 4527 τόνδ’
1028 4473 1085 4538 (sc.
1110 4466 1161 4526 τὸν
1185 4465 1328 4543 χρησμὸν)
1354 4463 1532 4523 ἐπάκουσον.

524 4582 719 4642 Necessaria
765 4583 845 4642 mihi
891 4581 1022 4655 quidem
1070 4582 1199 4640 videtur
1245 4578 1358 4656 Gobeti
1404 4578 1563 4637 correctio
1612 4569 1713 4651 τοῦδ’,

480 4695 561 4755 nihil
603 4696 691 4755 euim
732 4696 773 4755 ad
814 4710 884 4756 rem
927 4698 1000 4755 esse
1042 4695 1183 4755 arbitror
1216 4708 1300 4766 quae
1332 4693 1518 4752 'vLeeuweu
1553 4690 1715 4751 obmovet

481 4809 699 4868 formularum
741 4807 899 4868 ἐπακούειν
940 4807 1022 4878 τινός
1056 4831 1083 4865 τι
1116 4809 1150 4867 et
1184 4804 1352 4864 ὑπακούειν
1385 4804 1445 4862 τινί
1477 4825 1503 4860 τι
1539 4801 1708 4876 exempla,

482 4922 599 4996 quibus
641 4922 765 4981 similia
806 4922 950 4996 plurima
988 4921 1064 4981 addi
1097 4921 1247 4994 possunt.
1281 4918 1453 4997 Pertinent
1483 4917 1565 4976 haec
1599 4914 1713 4976 omnia

476 5036 523 5094 ad
570 5036 803 5108 pronominum
845 5050 950 5109 genus
992 5036 1184 5109 neutrum„
1206 5032 1299 5092 cuius
1340 5046 1403 5091 usu
1445 5029 1618 5103 vulgarius
1659 5029 1714 5087 est

483 5148 576 5213 nihil.
618 5148 722 5208 Nemo
765 5150 876 5211 autem
920 5165 950 5208 v.
993 5163 1019 5215 c.
1065 5162 1082 5209 e
1123 5146 1268 5210 formula
1307 5139 1386 5203 πού
1433 5136 1541 5215 (παύε’)
1583 5139 1712 5217 ἐπείσθη
