3867 6450
1066 1008 1110 1065 56

477 1188 533 1249 Vs.
557 1188 611 1247 47.
719 1182 838 1261 „io-l·
860 1182 916 1263 μίν
937 1186 981 1259 τίς
1004 1185 1129 1247 moro
1150 1181 1227 1247 ταῦτ’
1253 1186 1432 1261 αἰνίσσεται,

720 1295 761 1370 ὧς
793 1302 891 1371 κεῖνος
925 1296 1120 1372 &surdiora
1158 1300 1225 1377 (τὴν
1258 1300 1321 1361 del.
1357 1299 1516 1375 Elmsley]
1560 1298 1709 1373 σπατίλην

1509 1411 1623 1472 ἐσθίει.

519 1524 733 1586 Coniecturae
771 1522 804 1585 iv
834 1518 952 1601 Ἀΐδεω,
992 1542 1095 1601 quam
1134 1528 1207 1603 lpse
1243 1530 1322 1587 ante
1356 1541 1411 1587 me
1444 1526 1659 1601 propositam
1691 1538 1710 1581 a

476 1637 670 1699 Leeuweolo
706 1638 759 1707 (ci.
790 1652 874 1712 quse
912 1639 1031 1715 scripsi
1065 1639 1179 1701 Herm.
1216 1638 1240 1701 l.
1262 1638 1285 1700 l.
1319 1653 1350 1714 p.
1385 1640 1465 1714 612,
1502 1638 1562 1699 ubi
1598 1635 1709 1713 paullo

476 1750 572 1811 aliter
606 1766 738 1813 versum
772 1751 987 1827 telingebam)
1026 1753 1136 1815 textui
1169 1754 1284 1829 intuli,
1323 1768 1404 1813 mox
1439 1767 1495 1811 me
1527 1749 1708 1827 poenituit.

475 1863 665 1925 Subiectum
698 1862 787 1925 verbi
812 1863 907 1925 ἐσθίει
929 1882 995 1927 non
1018 1866 1117 1927 cleon
1140 1868 1206 1941 est,
1229 1866 1289 1927 aed
1310 1865 1524 1939 scarabaeus,
1548 1865 1610 1923 bic
1633 1876 1709 1922 vero

474 1976 570 2051 (quod
604 1978 751 2052 cogitare
784 1978 915 2039 videtur
948 1979 1074 2049 blazon)
1108 1978 1247 2039 indicari
1275 1992 1342 2039 non
1371 1978 1480 2053 potuit
1509 1974 1707 2052 pronomine

474 2092 588 2163 κεῖνος,
619 2104 678 2167 pro
707 2105 771 2165 quo
801 2082 889 2161 οὗτος
919 2091 1154 2167 requireretur,
1184 2090 1244 2151 aed
1271 2090 1384 2167 procul
1406 2088 1506 2151 dublo
1527 2092 1635 2158 κεῖνος
1656 2085 1707 2145 est

475 2200 584 2263 Cleon.
615 2200 710 2263 Unde
740 2204 889 2277 sequitur
917 2204 1069 2266 voculam
1095 2200 1136 2276 ὡς
1159 2218 1226 2263 non
1247 2218 1336 2279 esse,
1360 2205 1397 2263 ut
1420 2202 1520 2277 vulgo
1542 2199 1705 2271 credimr,

473 2315 674 2391 coniunctio,
695 2315 753 2375 scd
765 2316 957 2377 adverbium
974 2318 1255 2393 comparativum,
1267 2317 1404 2390 ideoque
1415 2313 1704 2391 distinguendum:

1230 2428 1403 2489 αἰνίσσεται·

741 2536 782 2612 ὣς
803 2545 917 2619 uiroc,
940 2575 982 2586 -
1005 2542 1152 2621 σπατίλην
1175 2540 1283 2605 ίσθίιι.
1820 2611 1821 2614 ¹

475 2653 495 2713 i.
510 2668 537 2713 e.
568 2654 612 2713 ut
642 2652 770 2713 Cleon
797 2655 907 2725 (vivus
928 2655 1098 2728 iaciebat),
1124 2660 1297 2719 stercus
1319 2660 1447 2716 vorat
1469 2655 1705 2725 (scarabaeus).

478 2765 525 2824 Ne
555 2765 641 2825 torte
671 2765 745 2839 quis
774 2770 869 2841 putet
898 2768 946 2829 ita
976 2769 1163 2829 addendum
1184 2770 1290 2830 ruisse
1313 2769 1468 2829 voculam
1489 2768 1562 2847 γάρ,
1585 2778 1704 2827 moneo

476 2893 575 2954 saepe
606 2878 761 2955 Graecos,
792 2879 849 2940 ubl
879 2895 979 2941 causa
1006 2884 1289 2943 commemoratur
1310 2897 1368 2957 per
1390 2897 1428 2941 se
1450 2880 1650 2953 manifesta,
1672 2876 1704 2934 in

475 2992 642 3050 sententia
681 2992 883 3067 explicatius
916 2994 1072 3054 omittere
1108 3009 1182 3055 eam
1216 2994 1429 3069 particulam,
1464 2995 1557 3054 velut
1590 2993 1702 3051 noster

476 3102 558 3162 iacit
578 3103 612 3161 in
637 3103 699 3164 hao‘
721 3104 795 3180 ipsa
816 3104 928 3167 iabula
950 3122 1001 3167 vs.
1026 3109 1106 3167 263:

744 3215 800 3277 σιἰιι
824 3214 903 3278 ἔστιν
925 3214 1014 3296 ἡμῖν·
1038 3215 1125 3298 ἐχθὲς
1150 3218 1353 3305 εἰσῳκίσμεθα

476 3329 510 3388 et
533 3327 732 3404 Thesmoph.
758 3331 837 3391 61οε

741 3454 946 3524 στραγγουριῶ
968 3445 1041 3526 γάρ·
1064 3443 1150 3525 ίχθὶς
1174 3445 1290 3528 ἔφαγον
1311 3446 1461 3525 κάρδαμα.

521 3552 666 3629 Quorum
711 3554 857 3618 locorum
901 3560 1016 3620 neuter
1055 3560 1172 3635 emglt
1208 3561 1311 3620 nimis
1343 3560 1478 3621 sedulas
1511 3559 1700 3620 criticorum
1819 3538 1820 3623 Ῑ

476 3682 607 3727 manus.
635 3667 794 3730 Similiter
821 3673 855 3730 et
878 3671 941 3746 ipsi
964 3672 1061 3732 bodie
1083 3674 1259 3747 loquimur.
1282 3673 1387 3733 Valde
1408 3689 1487 3734 vero
1509 3671 1700 3747 suspectum

476 3780 529 3838 est
556 3781 590 3839 et
620 3784 751 3856 propter
780 3784 985 3843 senteutiam
1014 3786 1100 3859 (quie
1128 3787 1219 3846 enim
1248 3801 1372 3859 quaeso
1393 3784 1566 3864 αἰδημόνως
1590 3780 1699 3843 buius·

476 3891 566 3952 modi
605 3893 683 3965 quid
723 3894 829 3955 iacere
869 3897 1006 3972 possiti)
1048 3902 1083 3958 et
1122 3902 1254 3974 propter
1288 3900 1447 3959 vitiosum
1482 3895 1698 3972 anapaestum

476 4006 525 4072 (ul
557 4005 645 4064 recte
675 4019 712 4064 se
741 4006 861 4066 habeat
891 4009 995 4070 rarior
1025 4012 1111 4085 apud
1140 4014 1292 4071 nostrum
1315 4012 1490 4080 synizesie)
1509 4006 1698 4070 adverbium

476 4112 636 4193 ἀναιδέως,
657 4132 718 4178 nec
739 4118 809 4179 iere
831 4120 944 4182 dubito
963 4124 1042 4196 quin
1064 4123 1133 4184 iam
1151 4124 1231 4185 olim
1251 4124 1400 4199 ulmsley
1419 4140 1496 4184 vere
1518 4116 1699 4199 reposuerit

476 4223 586 4304 ἡδέως,
615 4229 812 4294 libenter.
849 4267 889 4277 -
920 4234 1121 4315 Σκατοφάγος
1155 4238 1434 4314 (impuratus),
1471 4242 1509 4300 ut
1535 4234 1696 4310 quondam

477 4339 577 4401 (ileon
598 4341 674 4413 fuit,
698 4347 770 4405 erat
791 4347 1000 4409 scarabaeus.

476 4528 533 4591 Vs.
559 4531 601 4590 63
624 4546 674 4606 eq.
742 4532 789 4594 of.
814 4534 933 4596 linem.
957 4536 1067 4596 XXIV
1089 4555 1120 4614 p.
1146 4541 1221 4600 267.
1344 4521 1348 4529 ⁴

477 4717 533 4778 Vs.
557 4721 610 4782 61.
678 4719 725 4781 ci.
749 4720 770 4782 l.
783 4720 804 4782 l.
828 4721 1021 4784 Retraotavi
1040 4729 1240 4788 sententiam
1263 4728 1383 4789 linem.
1407 4728 1500 4788 XXV
1522 4745 1553 4803 p.
1578 4727 1652 4786 206.

476 4904 532 4966 Vs.
556 4907 609 4967 64.
679 4904 754 4968 Sine
778 4923 880 4970 cauea
900 4909 1020 4971 idonea
1036 4911 1130 4971 haesi
1152 4912 1206 4973 l.l.
1231 4914 1267 4974 in
1290 4912 1430 4974 articulo
1448 4913 1563 4974 Herm.
1586 4905 1695 4974 1,1.et

475 5017 510 5076 in
541 5019 685 5080 editione
713 5035 803 5097 mea,
828 5021 908 5082 item
932 5037 983 5082 ve.
1015 5024 1090 5085 220.
1120 5023 1169 5085 Ne
1194 5028 1286 5086 recte
1308 5026 1442 5100 quidem
1469 5025 1607 5087 liaberet
1634 5019 1693 5088 iia
