3867 6450
801 1072 843 1130 53

255 1259 399 1320 Venetus
422 1258 504 1318 liber
529 1258 628 1319 habet
650 1262 771 1332 ποθεῖς,
793 1257 876 1317 Rau.
900 1261 1020 1317 ποθεῖν.
1044 1257 1129 1317 Huic
1151 1258 1342 1317 lenissimae
1365 1252 1431 1317 'cor-

210 1371 345 1431 rectioni
384 1372 523 1431 fortasse
560 1371 689 1432 obverti
724 1373 834 1446 potest
867 1387 910 1431 ex
945 1386 995 1431 vs.
1034 1370 1118 1431 1361
1151 1363 1210 1428 ἀλλ’
1245 1367 1284 1441 ὡς
1314 1369 1436 1447 τάχιστα,

209 1489 297 1561 στῆθι
328 1499 483 1559 apparere
509 1484 754 1545 Philocleonem
773 1485 840 1545 iam
864 1500 930 1545 uon
953 1498 1136 1544 currere.
1161 1483 1267 1559 Quare
1288 1483 1432 1543 fortasse

209 1598 419 1672 praeferenda
441 1600 493 1658 est
517 1597 639 1658 Starlrii
670 1598 826 1658 correctio
856 1599 968 1657 minus
998 1598 1083 1657 lenis
1110 1601 1243 1668 νοσεῖς
1275 1594 1368 1674 ἐρᾶν
1400 1590 1434 1670 ν’,

210 1725 323 1771 verum
346 1712 393 1770 ita
415 1710 559 1786 ambigo,
584 1713 696 1771 utrum
720 1712 768 1771 sic
791 1710 1000 1771 scribendum
1023 1711 1069 1770 eit
1088 1726 1129 1771 an
1149 1711 1259 1785 potius
1278 1724 1339 1784 ope
1357 1709 1432 1769 libri

210 1822 425 1883 Ravennatis:
455 1826 592 1883 νοσεῖν
622 1820 713 1900 ἐρᾶν
743 1818 776 1882 r'.

210 2036 386 2097 vs.1373.
474 2038 563 2099 Bdel.
589 2034 642 2120 δᾲς
666 2036 735 2115 ἤδη

473 2151 557 2212 Phil.
582 2147 636 2233 δᾲς
660 2144 731 2227 δῆτ’.
756 2148 811 2227 οὐχ
834 2146 904 2232 ὁρᾷς
928 2147 1173 2230 ἐστιγμένην.

251 2263 396 2324 Adnotat
426 2264 563 2324 Starkie.
602 2260 795 2341 ,ἕσχισμένην
822 2263 984 2340 Meinekej
1010 2258 1195 2341 ἕσφεγμίνην
1218 2263 1346 2323 Usener
1369 2260 1430 2323 Rh.

210 2375 287 2434 llus.
310 2374 404 2433 XXV
426 2391 457 2450 p.
482 2377 581 2437 5823*
604 2377 696 2436 Idem
714 2377 799 2450 quod
817 2376 944 2436 Usener
964 2392 1024 2450 ego
1042 2376 1196 2451 proposui
1220 2376 1252 2434 in
1276 2375 1306 2434 A
1314 2391 1335 2450 p
1343 2391 1430 2450 pen·

210 2488 296 2548 dice
332 2489 379 2548 ad
414 2489 527 2549 Stud
562 2488 660 2567 orit.
696 2490 736 2549 in
766 2492 874 2565 poet.
905 2504 1015 2549 scen.
1046 2505 1118 2565 gr.,
1143 2505 1173 2564 p.
1198 2491 1232 2563 7,
1255 2504 1339 2562 quae
1362 2504 1430 2563 pro·

209 2598 335 2659 dierunt
376 2615 405 2660 a.
444 2601 543 2675 1872,
579 2602 660 2662 haec
693 2602 880 2675 disputans:
917 2602 1043 2676 „Acute
1075 2600 1258 2661 Meinekius
1292 2601 1432 2661 coniecit

212 2710 417 2791 ,ἐσχισμένον
446 2716 531 2787 quod
563 2730 666 2788 aequo
697 2715 767 2775 iure
798 2716 837 2775 de
867 2714 1063 2775 muliercula
1082 2714 1150 2773 ista
1174 2729 1214 2774 ac
1235 2714 1275 2773 de
1305 2714 1432 2773 taeda

211 2841 246 2901 „a
272 2828 513 2900 segmentis
547 2828 759 2902 lignorum
787 2829 995 2888 fissorum
1022 2828 1205 2903 composita
1234 2827 1296 2886 dici
1318 2829 1429 2901 potue·

212 2939 280 3013 „rit
316 2972 357 2981 -
388 2939 545 2999 Attamen
583 2941 678 3001 valde
708 2941 834 3017 dubito,
865 2956 945 3019 nurn
976 2943 1149 3016 propterea
1182 2940 1275 3015 ipsa
1304 2940 1430 2999 taeda

212 3054 314 3125 ¹‚recte
345 3051 454 3112 fissa
484 3052 622 3114 dicatur.
657 3054 759 3115 Valde
788 3069 906 3114 sumus
934 3055 1102 3131 propensi,
1134 3054 1231 3127 idque
1264 3069 1329 3114 non
1357 3054 1430 3114 sine

212 3179 341 3241 „causa
385 3167 421 3224 ut
462 3180 594 3241 semper
633 3165 785 3228 obscoeni
821 3166 944 3242 aliquid
982 3168 1086 3229 latere
1127 3167 1335 3244 suspicemur
1368 3167 1430 3228 sub

212 3278 337 3351 „verbis
366 3282 481 3353 poetae
511 3279 616 3339 nostri
644 3294 727 3353 quae
757 3295 821 3340 non
854 3281 1097 3355 intellegamus.
1129 3282 1200 3342 Hoc
1222 3287 1334 3342 tamen
1359 3281 1429 3341 loco

212 3391 338 3464 „nescio
368 3405 408 3450 sn
438 3391 611 3451 honestius
639 3393 767 3452 iocatus
797 3394 851 3454 sit.
884 3393 1038 3468 suspicor
1068 3395 1172 3470 enim,
1189 3410 1269 3457 ¹una
1299 3395 1430 3454 mutata

211 3501 370 3578 „literula
391 3505 612 3578 reponendum
632 3519 707 3566 esse
726 3503 983 3585 ἐσφιγμένγν.
1004 3507 1127 3583 Quippe
1140 3508 1275 3568 verbum
1293 3506 1429 3585 σφίγγειν

211 3618 296 3689 „tam
339 3617 380 3676 de
416 3617 555 3692 scirpo
597 3622 776 3692 usurpatur
822 3621 1137 3682 circumvoluto
1179 3620 1348 3682 facibus
1386 3633 1429 3679 ex

212 3742 265 3801 „eo
298 3743 419 3803 genere
448 3743 531 3803 quae
555 3729 637 3789 δοιοί
658 3731 850 3792 dicebantur
876 3733 927 3803 (cf.
956 3748 1006 3793 vs.
1033 3734 1130 3803 1361)
1153 3748 1252 3807 quam
1276 3729 1316 3792 de
1339 3731 1430 3792 omni

212 3841 433 3914 „vinculorum
478 3857 610 3919 genere,
646 3859 710 3917 quo
753 3845 1031 3922 vestimenta,
1075 3846 1231 3921 crines,
1274 3846 1428 3906 calcea·

212 3957 369 4028 „menta
398 3959 769 4050 constringuntur,
805 3959 916 4034 itaque
948 3957 1111 4039 ἐσφιγμένῃ
1142 3963 1212 4021 tam
1235 3960 1431 4020 muliercula

211 4081 326 4140 „quam
356 4067 414 4127 iux
440 4085 497 4144 per
528 4069 636 4131 iocum
660 4069 723 4132 dicl
746 4073 894 4147 potuisse
920 4073 1058 4133 videtur.
1083 4073 1187 4132 Locos
1210 4072 1430 4147 suppeditabit

212 4178 407 4251 „Paesovius
429 4181 464 4240 in
487 4181 602 4244 lexico.

252 4292 393 4367 „Deinde
417 4294 551 4354 demum
575 4295 762 4373 Bdelycleo,
787 4296 961 4357 sublata
983 4297 1193 4358 tibicinae
1216 4297 1428 4374 tunicula,

213 4406 370 4477 „quaeriu

473 4513 574 4594 „ridi
596 4518 629 4580 τὸ
653 4517 745 4597 μέλαν
767 4515 843 4581 τοῦτ’
871 4519 950 4581 ἔστιν
974 4519 1068 4599 αὐτῆς
1091 4521 1165 4582 τούν
1189 4519 1303 4606 picci?

211 4701 262 4765 Vs.
288 4708 375 4767 1430
398 4722 468 4782 sqq.
537 4707 584 4770 ct.
609 4709 729 4770 linem.
753 4709 809 4771 l.l.
833 4726 864 4786 p.
889 4712 966 4772 453.

211 4885 261 4949 VS.
288 4892 382 4952 1339.
926 4892 953 4952 εί
976 4891 1014 4970 νὴ
1039 4891 1093 4970 τὴν
1116 4894 1209 4973 κόρην

469 5002 523 5081 τὴν
547 5005 713 5084 μαρτυρίαν
737 5006 848 5083 ταύτην
872 5004 961 5078 ἐάσας
985 5004 1017 5066 ίν
1040 5006 1119 5086 τάχει

474 5114 633 5194 ἐπίδεσμον
665 5114 771 5198 ἐπρίω,
800 5126 899 5179 νοῦν
930 5116 975 5178 ἂν
1006 5111 1106 5198 εἶχες
1137 5118 1314 5179 πλείονα.
