3867 6450
817 1066 858 1126 81

211 1259 270 1320 νε.
297 1259 371 1319 600
440 1257 569 1318 tentavi
594 1258 669 1332 post
695 1254 779 1315 alios
797 1254 912 1315 Herm.
937 1254 957 1314 1.
971 1255 1007 1329 1,
1026 1257 1084 1316 sed
1102 1257 1190 1317 reete
1207 1258 1320 1316 tuetur
1336 1257 1451 1318 editor.

213 1461 270 1522 Vs.
299 1462 384 1521 654.
454 1460 533 1520 Octo
567 1459 663 1519 annis
697 1461 786 1538 ante¹
808 1458 1033 1536 Blaydesium,
1069 1462 1162 1522 ouius
1196 1462 1296 1522 editio
1334 1461 1455 1536 prodiit

213 1592 242 1636 a.
282 1575 394 1650 1880,
425 1575 495 1648 ipse
525 1573 559 1631 in
589 1572 776 1646 Appendioo
807 1573 847 1631 ad
879 1572 971 1640 Stud.
1000 1572 1078 1634 Orit.
1106 1590 1136 1648 p.
1165 1576 1204 1634 12
1228 1590 1276 1649 sq.
1301 1575 1455 1650 proposui

214 1685 468 1760 ἐξαναλώσαντες
491 1687 558 1757 (sed
582 1686 622 1747 oi.
646 1701 729 1760 quae
751 1684 835 1745 inira
860 1686 1005 1747 scribam
1029 1688 1069 1747 ad
1093 1687 1177 1748 Plut.
1205 1689 1309 1758 1014).
1332 1688 1455 1748 Eodem

215 1817 339 1862 errore
372 1801 555 1861 vLeouwen
585 1799 662 1859 huto
690 1798 808 1860 tribuit
838 1800 1061 1861 coniecturam
1088 1798 1190 1881 μηκέτι
1213 1815 1233 1860 a
1256 1815 1310 1861 me
1332 1801 1454 1862 ibidem

215 1915 432 1990 propositam
455 1930 486 1989 p.
510 1914 562 1973 85.

217 2094 278 2154 νε.
309 2092 389 2152 671.
458 2092 577 2152 tinem.
612 2090 740 2151 XXXII
769 2107 799 2166 p.
825 2062 891 2153 267
915 2092 1041 2153 oonieoi
1063 2083 1155 2164 αὖθις
1178 2095 1372 2172 posthac,
1398 2112 1456 2171 pro

217 2200 331 2266 obtat:
352 2239 396 2246 —
420 2205 496 2266 Vss.
521 2207 600 2280 695;
625 2206 705 2279 699;
730 2206 805 2266 735.
829 2205 901 2267 Vid.
926 2206 983 2268 1.1.

218 2387 282 2447 νε.
313 2384 390 2444 742.
456 2383 503 2443 Ut
535 2386 680 2444 metrum
714 2384 841 2458 tragico
874 2385 1020 2445 sermoni
1054 2385 1259 2461 conveniret,
1292 2384 1333 2457 εἲς
1364 2387 1398 2447 in
1429 2385 1458 2458 ἐς

218 2499 407 2562 mutabam
439 2498 500 2560 1.1.
529 2513 560 2573 p.
595 2499 645 2558 13.
676 2496 724 2559 ct.
756 2497 869 2559 Herm.
901 2498 1011 2558 XXIV
1041 2515 1071 2574 p.
1104 2500 1183 2575 624,
1213 2499 1268 2559 ubi
1290 2503 1460 2574 praeterea

219 2613 392 2675 audactus
421 2606 475 2682 ἕως
505 2606 543 2669 ἂν
570 2609 653 2669 ὅσιον
683 2610 889 2688 εροσμόλω
914 2605 968 2690 ’γὼ
992 2612 1101 2690 χωρίον
1120 2613 1305 2685 tentabam,
1331 2615 1460 2675 collatis

220 2728 316 2789 locis
340 2725 539 2801 Sophocleis.
562 2725 647 2785 Illud
670 2725 801 2786 suffieit.

221 2907 288 2966 νε.
318 2904 392 2966 747.
461 2904 574 2965 Herm.
608 2903 675 2964 1.1.
710 2902 877 2964 malebam
911 2903 978 2962 τίνα
1012 2900 1104 2982 λέγεις
1138 2902 1241 2983 Idyma
1284 2906 1342 2966 sed
1377 2905 1461 2966 eitra

222 3018 482 3081 necessitatem.

225 3201 292 3261 Vs.
319 3199 393 3260 757.
461 3196 596 3257 Praetor
614 3195 750 3257 editorIs
769 3197 883 3257 notam
902 3195 1139 3271 explieativam
1157 3196 1196 3258 oi.
1218 3198 1337 3259 Mnem.
1352 3197 1460 3259 XXIV

225 3333 263 3391 p.
294 3313 370 3372 288.

231 3502 294 3561 VS.
320 3502 394 3561 888.
484 3500 618 3579 ἔγωγε,
647 3497 786 3559 κᾶστιν
810 3498 904 3577 οὑμὸς
928 3497 1005 3579 ἀνὴρ
1030 3500 1187 3578 Κινησίας.

280 3616 394 3676 Latuit
432 3616 664 3676 Leeuwenium
697 3616 837 3675 vitiosus
875 3616 1084 3689 anapaestus,
1120 3615 1290 3675 Hermann
1326 3614 1465 3674 ooniooit

232 3723 333 3788 κᾶσθ’
367 3727 460 3805 οὑμός
488 3722 525 3808 γ’,
555 3732 590 3789 at
617 3726 667 3787 καὶ
694 3762 734 3772 -
759 3749 805 3805 γε,
834 3729 962 3801 atque
994 3728 1095 3788 adeo
1119 3729 1300 3789 manifesto
1324 3743 1389 3788 non
1413 3731 1465 3788 est

233 3844 337 3903 huius
365 3843 440 3918 looi,
469 3857 530 3903 neo
551 3843 629 3903 ferri
651 3845 763 3917 potest
786 3843 918 3917 propter
940 3841 1103 3901 omissum
1128 3843 1305 3903 articulum
1330 3841 1466 3901 Elmslei

233 3956 425 4018 coniectura
455 3953 524 4031 ἐμὸς
551 3952 636 4033 ἀνὴρ.
660 3956 836 4019 Praeterea
859 3956 892 4013 in
924 3954 1069 4029 vulgatis
1092 3955 1244 4029 displicet
1267 3956 1384 4016 vocula
1407 3959 1466 4014 καί,

234 4071 417 4143 Propterea
446 4085 506 4144 ego
535 4070 617 4144 App.
649 4070 689 4129 ad
721 4069 812 4129 Stud.
844 4067 922 4129 crit.
954 4084 985 4143 p.
1021 4070 1060 4128 18
1093 4070 1260 4144 proposui,
1290 4069 1363 4130 ooli.
1395 4068 1466 4129 loco

232 4182 412 4243 simillimo
431 4184 513 4243 Aah.
541 4183 618 4257 118,
644 4176 751 4265 ἐγῷδ’
780 4181 820 4253 ὅς
843 4180 959 4241 ἐστιν·
984 4178 1055 4256 att,
1074 4184 1148 4255 post
1171 4197 1270 4256 quam
1295 4196 1466 4241 caesuram

232 4296 413 4357 offensioni
434 4311 500 4357 non
523 4298 575 4357 est
596 4297 644 4356 tta
667 4296 794 4356 divisus
816 4298 1018 4371 anapaestus
1041 4295 1074 4354 in
1098 4296 1186 4355 sede.
1212 4298 1338 4370 quarta.

234 4485 299 4546 Vs.
324 4484 398 4545 852.
467 4482 514 4545 Of.
540 4484 661 4544 Mnem.
686 4483 816 4543 XXXII
838 4499 869 4557 p.
895 4483 972 4543 268.

233 4672 299 4731 νε.
323 4671 398 4734 869.
467 4640 719 4732 MnemeXIV
741 4689 772 4747 p.
798 4673 862 4732 289
886 4687 944 4746 pro
968 4639 1123 4747 peropaca
1146 4668 1300 4744 proposui
1321 4664 1468 4745 ἀναβᾶσα.

230 4788 347 4863 Quam
368 4786 414 4845 ibi
436 4788 528 4847 movi
551 4787 779 4847 difficultatem
804 4786 887 4846 mihi
911 4786 1042 4859 quidem
1065 4800 1130 4844 non
1150 4784 1251 4843 solvit
1271 4782 1469 4842 scholiastae

230 4899 433 4987 explieatio,
476 4915 576 4973 quam
619 4901 701 4960 oitat
742 4899 857 4960 editor.
900 4898 1049 4959 Ginesias
1085 4898 1175 4957 enim
1211 4899 1261 4957 est
1296 4897 1329 4955 in
1364 4894 1467 4968 aditu,

228 5012 429 5087 Lysistrata
453 5029 530 5074 vero
553 5029 652 5087 supra
675 5014 709 5073 in
735 5014 808 5088 ipsa
832 5028 916 5073 arce.
941 5012 988 5073 01.
1013 5013 1078 5072 935
1102 5026 1172 5083 sqq.
1199 5042 1238 5053 —
1264 5007 1389 5068 Ibidem
1414 5022 1471 5067 our

227 5142 290 5187 vs.
316 5124 381 5184 887
406 5122 597 5203 κάγανωτέρα
621 5128 775 5201 vulgatae
798 5125 923 5203 -ώτερου
947 5123 1162 5199 praetulerim
1186 5119 1380 5195 significavi.

325 5240 351 5273 v.
365 5230 397 5275 IL
1350 5227 1365 5269 6
