3867 6450
806 1043 848 1104 89

223 1247 289 1291 ease
318 1232 412 1307 dicit,
443 1232 659 1305 laudaturque
689 1233 863 1305 propterea
893 1224 915 1289 a‘
942 1229 1087 1292 domiuo.
1118 1231 1240 1290 Verum
1264 1230 1323 1289 vix
1346 1232 1380 1290 et
1401 1245 1443 1290 ne

125 1380 126 1405 r
225 1346 274 1404 vix
303 1347 436 1418 quidem
466 1347 528 1406 hoc
559 1344 734 1433 consilium
765 1343 952 1418 significare
982 1345 1090 1420 potuit
1120 1345 1227 1404 verbis
1258 1359 1331 1418 ego
1361 1343 1440 1418 ibo,
1502 1349 1504 1353 “

223 1458 311 1531 idque
332 1474 372 1519 eo
394 1460 507 1519 minus
531 1458 616 1532 quod
639 1459 744 1518 denuo
769 1472 1009 1518 conscensurus
1028 1461 1080 1518 est
1099 1459 1246 1535 asinum,
1266 1457 1322 1517 sed
1342 1456 1440 1530 dixit,

224 1571 345 1644 siquid
369 1572 477 1632 video:
662 1654 667 1660 .
1010 1648 1012 1652 .

483 1682 553 1764 ἐγὼ
577 1679 603 1743 δ’
630 1681 802 1762 &poliuere
825 1685 895 1755 (scil
918 1682 954 1743 τὰ
978 1659 1079 1760 σκεύη)

224 1798 365 1859 absolute
388 1799 450 1859 hoc
474 1798 572 1859 verbo
596 1813 688 1874 usus,
714 1799 750 1857 ut
773 1797 859 1858 inira
880 1798 1000 1872 legitur
1023 1812 1072 1859 vs.
1098 1798 1178 1858 407:
1254 1853 1259 1858 .

482 1905 568 1988 αἴροι’
595 1906 633 1967 liv
656 1901 765 1987 αὖθις,
788 1903 897 1970 ὦπαῐ.

201 2000 205 2007 ’
261 2024 299 2083 itt
318 2025 368 2084 ita
389 2025 504 2099 procul
526 2023 623 2084 dubio
642 2025 723 2098 legit
742 2024 921 2084 scholiasta
942 2024 1112 2098 explicans
1132 2020 1197 2081 ἀντὶ
1217 2021 1269 2082 τοὺ
1291 2021 1443 2100 postolos,

225 2137 301 2196 unde
329 2137 431 2197 simul
462 2140 598 2212 apparet
628 2152 706 2197 eum
735 2153 816 2197 non
845 2137 1007 2212 legisse
1038 2133 1077 2208 ὡς
1105 2135 1244 2214 (laevino
1264 2131 1334 2214 'yd‚
1357 2136 1442 2208 quod

224 2248 491 2311 inconsideratius
513 2251 681 2325 proposuit
704 2251 856 2325 Blaydes.

225 2474 275 2534 Vs.
297 2479 370 2538 207.
440 2478 699 2556 βατραχοκύκνων.
739 2476 786 2539 Cf.
832 2478 964 2554 Juven.,
1005 2478 1074 2539 Sat.
1117 2479 1149 2537 II
1186 2479 1248 2538 150
1292 2476 1442 2550 Stygio

226 2601 342 2649 ranas
374 2591 414 2650 in
444 2591 618 2665 gurgite
649 2594 783 2651 vasto.

227 2812 275 2874 Vs.
297 2817 371 2878 234.
440 2814 537 2895 τρέφω
561 2817 641 2879 bene
672 2817 833 2878 adversus
868 2832 923 2877 me
953 2820 1066 2878 tuetur
1095 2817 1290 2877 vLeeuwen.
1322 2817 1440 2877 Mnem.

227 2926 324 2988 XXIV
347 2946 377 3005 p.
403 2933 445 2992 63
469 2932 673 2991 oonieoeram
696 2929 812 3008 τρέφει,
834 2946 879 2991 11.
904 2930 1030 3006 Apollo.

227 3152 275 3215 Vs.
298 3157 372 3218 237.
462 3153 504 3235 χώ
527 3156 662 3236 πρωκτὸς
686 3157 756 3216 ἰδίει
778 3156 879 3216 πάλαι.

265 3270 356 3333 Hunc
389 3273 591 3333 versiculum
626 3288 691 3333 una
725 3288 800 3333 oum
829 3274 925 3333 Hom.
954 3271 983 3330 V
1008 3273 1072 3332 204
1105 3273 1186 3333 citat
1215 3272 1377 3347 Didymus
1407 3272 1442 3331 in

228 3387 453 3446 commentario
485 3387 526 3446 ad
558 3386 650 3447 Dem.
685 3386 768 3447 Phil.
804 3387 850 3446 XI
876 3389 909 3461 2,
935 3400 953 3446 e
976 3401 1098 3461 papyro
1122 3387 1315 3461 aegyptiaco
1339 3401 1442 3460 nuper

228 3485 304 3557 edito
333 3515 353 3559 1
380 3500 503 3561 Dielsio
532 3503 566 3561 et
596 3501 790 3561 Sohubartio
821 3516 894 3576 pag.
924 3502 980 3575 53,
1007 3501 1048 3562 25
1073 3501 1132 3570 (ed.
1157 3501 1260 3575 11111),
1285 3500 1319 3560 in
1342 3498 1441 3559 iidem

227 3610 340 3673 scilicet
358 3614 579 3689 etymologiae
598 3610 741 3699 ὀρρῳδεῐν
761 3637 803 3662 =
824 3613 911 3673 ἰδίειν
930 3612 983 3673 τὸν
1004 3610 1101 3691 ὄρρον.
1123 3646 1163 3656 -
1177 3609 1284 3691 ’Όρρος
1305 3616 1357 3682 (=
1375 3614 1440 3674 ion.

227 3717 316 3799 ὄρρος)
345 3729 522 3788 cohaerere
552 3728 682 3788 videtur
712 3743 788 3789 oum
820 3726 999 3787 vernacula
1021 3741 1101 3786 voce
1125 3741 1221 3785 aars
1241 3708 1442 3800 ¹(germanice

228 3836 370 3919 Arsen).

230 4060 275 4122 VS.
299 4066 370 4129 283.
440 4067 558 4128 Bacch.
590 4065 647 4146 ἐγὼ
671 4065 703 4127 δέ
725 4064 747 4147 γ’
775 4066 920 4145 εὐξαίμην
944 4064 983 4126 dv
1007 4065 1139 4145 ἐντυχεῖν
1163 4090 1235 4145 τινι,

591 4181 695 4260 λαβεῖν
718 4177 738 4240 τ’
765 4176 903 4260 ἀγώνισμ’
931 4178 1017 4254 ἄξιόν
1040 4205 1068 4240 τι
1091 4190 1142 4259 τῆς
1167 4178 1250 4242 ὁδοῦ.

444 4291 636 4370 11311111.νή
673 4293 739 4354 τὸν
778 4294 854 4353 Δία
883 4291 949 4354 καὶ
980 4292 1055 4372 μὴν
1086 4293 1277 4372 αἰσθάνομαί
1305 4292 1441 4371 ψόφον

1263 4406 1352 4478 τινός.
1436 4438 1438 4443 ·

264 4516 528 4596 11111111111111
552 4520 631 4581 olim
655 4522 774 4582 Mnem.
798 4521 830 4581 X
852 4536 883 4595 p.
907 4522 949 4591 84
974 4537 1022 4595 sq.
1049 4518 1115 4580 καὶ
1147 4518 1221 4598 μὴν
1244 4520 1379 4597 ψόφου
1403 4518 1441 4594 νὴ

227 4625 271 4686 τὸν
299 4628 348 4692 Δί’
381 4633 571 4711 αἰσθάνομαί
598 4656 693 4706 τινος,
722 4650 823 4709 quam
851 4637 1076 4696 oonieoturam
1107 4636 1295 4696 intextum
1319 4635 1443 4708 recepit

125 4795 126 4804 ,
227 4741 408 4809 vLeeuwen.
440 4748 545 4809 Hodie
574 4750 687 4809 tamen
718 4748 831 4809 dubito
857 4764 899 4809 an
925 4748 1068 4809 sufficiat
1090 4748 1186 4823 plene
1209 4748 1442 4822 interpungere

226 4860 292 4925 post
322 4860 420 4921 verba
451 4858 489 4937 νὴ
520 4859 571 4920 τὸν
602 4862 675 4937 Δία,
704 4861 823 4935 quibus
854 4863 943 4921 dioat
974 4862 1140 4922 Xanthias
1170 4878 1205 4922 se
1234 4862 1341 4921 faeere
1365 4876 1440 4921 oum

227 4966 346 5034 domino
388 4976 595 5036 desiderante
633 4976 763 5039 facinus
800 4976 932 5054 aliquod
974 4978 1045 5035 tam
1087 4976 1268 5055 periculoso
1304 4974 1440 5052 dignum

125 5087 126 5112 ¹
226 5078 342 5152 itinere.
