3867 6450
1075 1079 1117 1136 98

486 1267 541 1328 Vs.
565 1267 641 1328 960.
749 1262 780 1337 ίξ
802 1256 891 1344 dvy’
917 1261 957 1324 δν
980 1262 1186 1344 ἐξηλεγχόμην·
1210 1263 1376 1337 ξυνειδότες
1398 1262 1455 1344 γὰρ
1478 1256 1562 1324 οὗτοι

749 1375 875 1457 ἤλεγχον
896 1376 936 1437 διν
958 1399 1019 1454 μον
1042 1375 1097 1454 την
1119 1375 1234 1456 τέχνην.
1257 1371 1317 1437 ἀλλ’
1344 1375 1401 1438 adu
1424 1375 1664 1454 ἐκομπολάκουν.

528 1494 630 1553 Recto
669 1493 856 1552 vLeeuwen
899 1491 1089 1568 pronomini
1131 1483 1220 1562 οὗτος
1263 1491 1389 1552 addidit
1431 1492 1725 1566 (spectatores

484 1607 735 1681 designans).
759 1605 887 1666 Horum
906 1605 997 1665 enim
1016 1604 1175 1666 iudicium
1194 1604 1349 1664 laudandi
1369 1604 1575 1664 occasionem
1595 1604 1725 1662 nactus

483 1722 582 1795 poeta
602 1718 642 1778 de
663 1717 828 1779 industria
850 1717 952 1779 verba
973 1733 1040 1778 non
1062 1717 1158 1792 plane
1181 1718 1370 1778 necessaria
1392 1723 1487 1790 (quae
1509 1731 1568 1792 pro
1591 1716 1724 1790 spuriis

483 1831 584 1892 habet
605 1831 630 1890 11
653 1830 752 1901 Grai.)
776 1829 942 1902 ξυνειδότες
957 1863 997 1873 -
1010 1826 1116 1906 τέχνην
1140 1829 1179 1890 de
1202 1829 1369 1891 industria
1387 1829 1551 1890 addidisse
1571 1828 1722 1888 videtur.

484 2057 540 2117 Vs.
566 2057 642 2118 964.
749 2054 858 2134 γνώσει
898 2051 932 2115 di
973 2053 1065 2127 τοὺς
1107 2055 1215 2116 τούτου
1257 2075 1288 2116 το
1327 2052 1479 2132 κάμοὺς
1520 2050 1661 2132 ἑκατέρου

1414 2172 1622 2246 μαθηταῖς.

528 2284 605 2344 Loci
637 2283 805 2344 sententia
838 2283 1010 2343 evidenter
1040 2283 1122 2344 haec
1152 2286 1217 2345 est:
1252 2283 1350 2344 Rem
1381 2299 1453 2359 per
1484 2283 1721 2356 utriusque

485 2399 677 2457 nostrum
708 2395 949 2471 discipulos
980 2395 1230 2472 intelleges,
1261 2411 1325 2470 quo
1350 2398 1524 2471 perspecto
1548 2395 1721 2455 Richards

484 2509 660 2570 verissime
693 2509 886 2569 emendavit
915 2512 997 2579 τοῖς
1025 2541 1065 2552 -
1093 2505 1236 2584 κάμοῖς
1264 2542 1304 2552 -
1328 2513 1495 2585 μαθηταῖς,
1529 2508 1614 2582 quod
1644 2523 1720 2568 non

483 2621 609 2682 dudum
643 2622 849 2696 propositum
883 2635 958 2681 esse
989 2621 1046 2682 vix
1081 2621 1241 2682 crederes.
1279 2621 1403 2683 Verum
1433 2623 1482 2682 ita
1510 2620 1559 2682 iit.
1589 2620 1721 2681 Abdita

484 2749 583 2809 saepe
605 2734 731 2794 frustra
752 2734 914 2795 rimantes
935 2733 970 2793 in
996 2733 1105 2808 planis
1127 2735 1316 2814 apertisque
1340 2735 1558 2795 caecutimus.

484 2960 540 3020 Vs.
567 2961 663 3020 1027.
732 2960 805 3020 Vid.
837 2960 957 3021 Mnem.
988 2960 1010 3023 1.
1023 2960 1045 3020 1.
1076 2976 1106 3035 p.
1139 2961 1181 3020 52
1213 2976 1279 3036 οη,
1311 2961 1366 3020 ubi
1396 2963 1509 3022 tamen
1533 2960 1720 3021 articulum

483 3074 711 3134 neceesarium
733 3074 838 3135 videri
856 3073 977 3134 iniuria
995 3073 1213 3134 concedebam
1232 3074 1438 3136 Leeuwenio.
1459 3073 1507 3134 Oi.
1528 3074 1602 3134 Pac.
1625 3075 1720 3134 1012

355 3226 359 3233 -
484 3179 546 3246 εἶτα
572 3185 720 3271 μονῳδεῖν
743 3183 775 3246 ἐκ
799 3185 948 3265 Μηδείας.

486 3413 542 3474 Vs.
569 3414 665 3474 1043.
733 3414 847 3474 Herm.
888 3413 955 3475 11.
999 3417 1219 3489 transponens
1254 3412 1369 3492 πόρνας
1406 3448 1445 3459 -
1484 3413 1618 3493 Φαίδρας
1653 3430 1719 3490 pro

487 3525 621 3605 Φαίδρας
646 3560 687 3570 -
710 3525 826 3605 πόρνας
848 3527 999 3603 persuasi
1021 3527 1231 3603 Laeuwenio,
1254 3528 1309 3601 qui
1333 3528 1465 3602 recepit.

358 3732 363 3737 ’
485 3753 540 3813 vs.
567 3753 663 3813 1048.
732 3752 779 3813 or.
803 3753 918 3813 norm.
941 3751 998 3814 1.1.
1024 3754 1057 3811 α
1080 3752 1120 3812 ne
1143 3766 1192 3812 vs.
1220 3753 1305 3813 1082
1330 3754 1452 3813 isicem
1476 3768 1506 3827 ρ.
1532 3753 1608 3813 eso,

484 3987 540 4047 Va.
567 3984 665 4051 1070.
749 3981 769 4061 ἢ
801 3979 973 4057 ’ξεκίνωσεν
1008 3985 1060 4057 τάς
1093 4006 1123 4045 τε
1157 3984 1339 4065 παλαίστρας
1372 3982 1420 4044 καί
1456 3984 1507 4058 τὰς
1542 3985 1640 4066 πυγὰς

1430 4096 1620 4177 ἐνέτριψε.

527 4212 598 4272 Non
624 4211 709 4271 mals
733 4207 894 4289 ουνέτρεψε
918 4211 1079 4287 Maloeis,
1105 4227 1205 4286 quem
1224 4213 1373 4287 sequitur
1395 4212 1589 4273 vLeeuwen.
1615 4213 1715 4291 Mihi,

485 4328 522 4385 ut
555 4324 647 4401 olim,
691 4326 800 4399 magis
833 4325 955 4385 arridet
988 4339 1090 4399 aeque
1125 4325 1211 4385 lenis
1245 4326 1405 4386 correctio
1440 4322 1612 4405 ἐπέτριψεν,
1634 4326 1655 4386 i.
1683 4343 1715 4389 e.

485 4438 686 4512 perdidit.

484 4663 539 4724 Vs.
567 4663 663 4724 1078.
732 4662 828 4725 Anal.
853 4664 924 4724 orit.
949 4680 980 4738 p.
1006 4666 1047 4725 58
1068 4679 1126 4739 pro
1156 4662 1278 4723 asidona
1301 4665 1433 4738 reposui
1460 4662 1600 4740 καηαι,
1624 4667 1715 4737 quod

484 4774 607 4850 recepit
630 4774 825 4837 vLeeuwen.

483 4998 539 5057 Vs.
567 4999 662 5059 1082.
732 4998 853 5060 Mnem.
877 4998 987 5059 XXIV
1009 5014 1040 5073 p.
1066 5001 1130 5061 285
1154 4995 1258 5077 recte,
1282 5002 1317 5060 ni
1339 4999 1450 5076 failor,
1477 5001 1629 5062 distinxi:

749 5108 799 5170 καί
822 5114 1000 5201 φασκούσας
1025 5112 1082 5189 ,οὐ
1105 5116 1159 5191 ζῆν
1181 5113 1214 5173 τὸ
1238 5114 1324 5190 W.
