3867 6450
637 1522 732 1600 AD
786 1519 1043 1602 NUBEs

738 1761 942 1771 -..-----—--

220 1941 278 2002 Vs.
310 1942 350 2002 15
375 1943 408 2001 et
432 1942 473 2001 35
497 1956 567 2014 sqq.
635 1938 707 1999 Vid.
732 1937 773 1997 ad
795 1936 852 2021 Eq.
879 1938 919 1997 18
943 1939 979 2033 ot
1001 1937 1121 1997 Mnem.
1144 1936 1201 1997 l.l.
1225 1953 1256 2012 p.
1280 1937 1334 1997 45.
1393 1918 1396 1924 ’

221 2142 280 2203 vs.
308 2143 370 2211 ιι.
430 2142 501 2203 νει.
526 2138 681 2203 weidner
703 2140 744 2200 ao
768 2140 958 2201 Iuvenalem
983 2139 1027 2199 vr
1048 2141 1101 2200 ει.
1188 2096 1191 2101 ’

222 2346 281 2407 Vs.
305 2347 359 2407 26.
428 2344 582 2421 Spurium
612 2358 686 2403 esse
709 2343 796 2403 hunc
820 2357 971 2419 versum,
997 2314 1173 2403 confictum
1197 2342 1238 2401 ad
1261 2341 1451 2417 exemplum

222 2474 274 2521 vs,
306 2460 359 2535 16,
384 2457 575 2533 suspicabar
593 2456 652 2538 Ex,
666 2456 735 2516 crit.
754 2455 811 2516 IX.
831 2455 1000 2530 Hodieque
1019 2456 1199 2516 absurdum
1219 2456 1302 2517 mihi
1323 2455 1453 2515 videtur

223 2568 417 2647 ὀνειροπολεῖ
452 2566 517 2629 noi
558 2568 784 2644 καθεύδων,
825 2570 919 2643 'quasi
960 2584 1037 2629 vero
1080 2559 1296 2631 somniare
1340 2574 1451 2639 (sensu

223 2686 358 2763 proprio
389 2686 525 2756 dictum)
555 2699 619 2745 non
647 2684 693 2744 sit
715 2699 847 2759 semper
870 2684 1138 2746 dormientis.
1162 2686 1229 2746 Neo
1253 2686 1314 2746 ioci
1338 2699 1450 2759 causa,

223 2800 283 2876 qui
315 2793 398 2861 foret
420 2797 559 2873 frigidus
582 2798 774 2873 admodum,
799 2798 838 2858 do
862 2798 1025 2858 industria
1051 2798 1099 2858 ita
1122 2800 1254 2872 poetam
1277 2799 1451 2873 scripsisse

224 2912 440 2988 probabiliter
463 2913 604 2973 statuas,

223 3128 284 3189 VS.
313 3130 364 3189 59.
496 3125 539 3187 ὅτι
562 3134 621 3185 τῶν
644 3134 775 3204 παχειῶν
799 3123 996 3197 ἐνετίθεις
1019 3124 1222 3205 θρυαλλίδων.

272 3242 509 3318 Imperfectum
540 3237 695 3316 ἐνετίθεις,
718 3239 908 3315 significans
938 3241 1226 3315 impositurus
1250 3256 1362 3318 eres,
1387 3243 1451 3302 im·

224 3371 381 3431 ponere
410 3354 603 3430 volebas,
635 3355 688 3414 hic
719 3370 852 3429 prorsus
877 3355 1015 3414 eandem
1039 3355 1188 3415 admittit
1210 3333 1452 3430 interpretatio·

223 3484 307 3530 nem
342 3471 440 3542 atque
473 3458 563 3545 ἧπτες
597 3483 645 3529 VS.
682 3469 722 3528 57
758 3466 787 3526 τί
818 3466 874 3547 γάρ
910 3489 960 3544 μοι
995 3466 1047 3528 τὸν
1081 3467 1177 3546 πότην
1201 3458 1297 3545 ,ἧπτες
1331 3469 1454 3546 λύχνον,
1557 3504 1561 3510 ·

223 3595 333 3656 neque
363 3581 465 3656 igitur
495 3581 654 3655 obsequar
685 3581 879 3643 Loeuwenio
907 3582 1080 3656 reponenti
1111 3578 1246 3652 ἐνιιθεῑς.
1275 3580 1321 3642 Oi.
1351 3582 1452 3642 etiem

225 3710 298 3755 vss.
322 3697 365 3756 63
388 3696 423 3755 et
447 3696 500 3756 65.

225 3910 286 3970 VS.
311 3911 363 3970 63.
498 3905 517 3986 ἢ
542 3905 671 3991 μὲνγὰρ
696 3908 790 3970 ἵππον
813 3911 985 3990 προσετίθει
1007 3909 1082 3991 πρὸς
1105 3907 1240 3988 τοῦνομα
1297 3877 1299 3881 ¹

498 4019 738 4087 Ξάνθιππον
760 4019 780 4101 ἢ
805 4023 1020 4102 Χάριππον
1046 4020 1065 4102 ἦ
1091 4023 1389 4100 Καλλιππίδην,

499 4132 555 4214 ἐγὼ
579 4132 611 4195 δὲ
634 4143 687 4196 τοῦ
711 4135 836 4198 πάππον
856 4132 1046 4215 ’τιθίμην
1073 4137 1272 4214 Φειδωνίδην.

274 4249 427 4309 Notanda
445 4248 576 4310 liberior
594 4249 770 4311 vorborum
791 4251 1000 4326 compositio,
1021 4266 1099 4312 nam
1120 4251 1216 4327 plena
1236 4251 1340 4311 oratio
1355 4251 1455 4311 foret:

231 4359 438 4439 <πιθεμίνη>
473 4359 655 4427 Ξάνθιππον
682 4361 738 4423 ιιτὲ.
769 4365 916 4425 Scribere
946 4367 1099 4440 potuerat
1125 4367 1222 4439 poeta
1246 4381 1277 4426 v.
1301 4379 1328 4424 o.
1358 4358 1456 4441 ἣμὲν
1530 4428 1533 4434 ,

228 4473 287 4554 γὰρ
312 4469 440 4552 ἐτίθεθ’,
463 4473 555 4535 ἵππον
578 4470 764 4554 προστιθεῖσ’
789 4475 849 4554 ἀεί,
872 4475 1054 4543 Ξάνθιππον
1077 4474 1135 4537 πτὲ.

277 4588 339 4648 Sed
363 4589 476 4663 procul
499 4589 595 4650 dubio
619 4603 702 4651 sana
725 4593 777 4651 est
800 4591 936 4666 vulgata
958 4591 1067 4653 lectio.

230 4803 289 4864 VS.
316 4804 390 4863 124.
499 4798 558 4864 ἀλλ’
585 4803 622 4865 οὐ
645 4804 822 4885 περιόψεταί
843 4799 870 4883 μ’
896 4801 912 4864 ὅ
934 4808 1020 4876 θεῖος
1044 4802 1222 4885 Μεγακλέης

498 4914 642 4996 ἄνιππον,
665 4913 744 4976 ἀλλ’
771 4917 936 4996 εἴσειμι,
959 4925 1016 4978 σοῦ
1040 4913 1069 4978 δ’
1095 4916 1132 4978 οὗ
1155 4926 1297 4996 φροντιῶ.

276 5029 308 5088 Si
330 5043 404 5090 cum
424 5028 544 5091 Cobeto
565 5032 740 5106 corrigitur
758 5028 891 5090 ἄνιππον
908 5026 982 5108 ὅντ’,
997 5025 1054 5091 ἀλλ’
1071 5025 1144 5107 είμι,
1156 5031 1456 5107 interpretandum:

230 5142 304 5202 sod
333 5142 400 5203 ibo
431 5144 482 5214 (ad
514 5144 720 5219 Megaclem);
753 5145 804 5204 siu
835 5160 909 5205 oum
938 5146 1128 5220 Blaydesio,
1153 5161 1250 5218 quom
1276 5146 1457 5206 vLeeuwen

286 5254 310 5289 v.
323 5245 354 5291 Η.
1365 5249 1380 5292 8
