3867 6450
1063 957 1105 1016 96

471 1140 551 1201 tivis
592 1141 734 1215 pendere
775 1139 874 1216 solet,
914 1143 1142 1202 constructum
1177 1155 1232 1201 me
1267 1140 1375 1215 legere
1409 1140 1557 1201 memini.
1596 1139 1716 1216 Quare

472 1256 605 1315 servato
639 1253 745 1328 φύσεις
779 1258 814 1315 et
843 1253 966 1315 tradito
996 1254 1171 1316 verborum
1203 1252 1331 1329 ordine,
1364 1253 1473 1328 potius
1504 1253 1715 1314 crediderim
1829 1267 1830 1330 j

472 1369 606 1443 poetam
630 1367 776 1427 dedisse:

741 1479 833 1560 λῆρόν
855 1502 885 1540 τε
908 1475 984 1540 τᾶλλ’
1010 1482 1042 1551 (i.
1070 1497 1098 1542 e.
1126 1479 1197 1552 τοὺς
1219 1477 1339 1551 ἄλλους)
1363 1475 1461 1558 ἡγεῖτο
1484 1478 1554 1539 κού
1583 1488 1715 1558 γνῶναι
1829 1497 1830 1564 3

1440 1601 1608 1668 <σαφῶς>

740 1706 847 1782 φύσεις
870 1716 1013 1786 ποιητῶν.

473 1895 529 1956 Vs.
554 1896 630 1957 819.
698 1895 770 1957 Vid.
795 1897 916 1958 Muem.
940 1896 1021 1956 XXI
1043 1912 1074 1972 p.
1100 1897 1152 1957 52.

472 2121 529 2182 Vs.
553 2123 628 2184 825.
697 2125 817 2185 Mnem.
841 2123 872 2184 X
899 2140 929 2200 p.
955 2125 997 2185 85
1022 2139 1086 2185 nou
1111 2123 1234 2185 conieci
1265 2126 1315 2194 (ut
1337 2125 1384 2185 ait
1407 2126 1601 2196 vLeeuwenl
1628 2123 1711 2184 ἀπο-
1829 2133 1830 2200 s

472 2243 571 2312 σοον,
597 2235 655 2295 sed
681 2237 798 2297 tuebar
819 2245 981 2296 καταοαον
1006 2236 1157 2298 consulte
1180 2237 1342 2312 scriptum
1366 2239 1496 2313 propter
1518 2237 1708 2314 πινακηδόν.
1829 2244 1830 2304 3

475 2460 529 2523 Vs.
554 2461 629 2522 828.
698 2461 772 2538 δῆτα
802 2472 974 2541 πανοῦργος
1005 2463 1125 2524 Mnem.
1162 2463 1270 2524 XXIV
1309 2480 1339 2539 p.
1377 2464 1441 2524 285
1473 2480 1531 2540 pro
1567 2459 1595 2524 δ’
1630 2455 1709 2524 αὖτε
1829 2421 1830 2470 ᾧ

473 2582 645 2654 πανοῦργος
667 2575 844 2638 malebam.
868 2576 915 2638 cf.
939 2578 1052 2638 tamen
1075 2577 1263 2638 Leeuwenii
1286 2580 1411 2640 notam.

473 2775 531 2841 Vs.
555 2776 631 2837 839.
740 2775 1048 2856 ἀπεριλάλητον,
1078 2778 1439 2858 κομποφακελορρήμονα.

516 2890 634 2951 Nescio
662 2905 704 2950 an
726 2909 792 2954 vox
816 2909 836 2954 a
859 2894 983 2955 criticis
1007 2893 1186 2954 sollicitata
1208 2894 1256 2954 ita
1278 2894 1384 2969 possit
1407 2893 1550 2971 delendi,
1574 2897 1612 2955 ut
1635 2909 1706 2955 non

472 3008 618 3083 passive,
655 3010 693 3069 ut
719 3006 769 3082 fit,
795 3007 977 3082 explicetur
1008 3007 1273 3082 garrulitate
1304 3022 1384 3067 non
1415 3008 1702 3083 superarint,

473 3121 531 3181 sed
559 3122 608 3190 (ut
630 3121 761 3196 saepius
784 3120 948 3181 adiectiva
971 3119 1117 3180 verbalia
1142 3120 1176 3179 in
1200 3118 1248 3190 τός
1272 3120 1358 3194 apud
1381 3123 1496 3195 poetas
1519 3121 1588 3181 vim
1613 3124 1702 3181 tran·

472 3235 610 3295 sitivam
636 3234 756 3294 habere
780 3236 920 3304 constat)
945 3234 1054 3294 active
1075 3258 1116 3283 =
1137 3232 1173 3292 οὐ
1197 3237 1372 3311 nepotalem
1397 3234 1487 3309 Quod
1511 3235 1540 3294 si
1564 3236 1612 3295 ita
1635 3238 1702 3311 est,

471 3348 555 3408 satis
585 3347 720 3408 ridicule
743 3347 890 3421 Euripidi
915 3344 947 3405 τὸ
971 3350 1139 3424 ospitalem
1163 3342 1261 3426 (Eccl.
1284 3341 1375 3428 230),
1401 3363 1483 3422 quae
1507 3348 1571 3423 ipsi
1593 3349 1704 3409 virtus

479 3462 624 3538 videtur,
663 3462 715 3532 (ci.
750 3463 813 3522 941
847 3477 916 3536 sqq.
950 3465 983 3522 et
1014 3463 1055 3523 96
1077 3463 1116 3532 A)
1148 3461 1312 3536 Aeschylo
1343 3462 1522 3538 adiudicat,
1555 3463 1588 3521 in
1622 3462 1702 3521 vitio

472 3565 598 3650 ponens
623 3576 723 3635 huius
746 3575 873 3636 scilicet
898 3575 1031 3635 virtutis
1054 3575 1251 3635 absentiam.
1276 3575 1301 3634 u
1323 3577 1456 3650 regione
1479 3576 1528 3636 sic
1550 3574 1702 3649 opposita

473 3687 536 3748 erit
568 3703 632 3747 vox
661 3688 786 3749 criticis
811 3690 967 3763 suspecta
990 3687 1149 3749 vocabulo
1173 3688 1519 3765 στωμυλιοσυλλεκτάδης
1542 3690 1702 3763 usurpato

473 3800 512 3860 de
543 3799 695 3875 Euripide
725 3801 765 3861 ab
796 3801 960 3875 Aeschylo
992 3800 1025 3860 in
1056 3801 1154 3861 huius
1185 3815 1345 3875 responso
1373 3817 1423 3862 vs.
1455 3803 1530 3862 841.
1561 3801 1595 3860 Si
1627 3801 1701 3875 quie

472 3915 586 3975 tamen
610 3916 649 3975 de
674 3916 705 3974 vi
724 3916 835 3975 activa
853 3916 984 3990 propter
1004 3914 1278 3989 compositionem
1304 3930 1379 3975 cum
1400 3938 1418 3972 α
1441 3914 1606 3990 privativo
1631 3920 1701 3987 (nec

473 4027 615 4087 fortasse
638 4028 768 4097 iuiuria)
792 4027 933 4103 dubitat,
959 4028 992 4087 in
1015 4029 1170 4104 promptu
1194 4030 1245 4087 est
1268 4027 1428 4088 facillima
1451 4028 1629 4088 correctio:

740 4138 981 4218 ἀπερίλαλον
1008 4139 1116 4205 (καὶ)
1144 4140 1537 4217 κομπελοφακελορρήμονα.

516 4253 601 4314 Utut
631 4256 696 4329 est,
726 4255 756 4313 si
786 4254 860 4314 labe
890 4254 1010 4314 affecta
1039 4255 1090 4314 est
1122 4269 1200 4329 vox,
1227 4255 1348 4328 exigua
1371 4253 1550 4314 admodum
1573 4252 1702 4314 laborat

385 4427 392 4438 ,
473 4367 671 4442 corruptele,
695 4381 761 4427 uon
784 4367 878 4441 gravi
904 4366 1032 4442 morbo,
1057 4369 1094 4427 ut
1116 4367 1259 4441 collegae
1283 4381 1357 4427 meo
1380 4366 1492 4427 visum
1515 4368 1578 4428 est.

474 4570 529 4629 Vs.
554 4570 630 4629 847.
699 4564 777 4646 ἄρνα
800 4566 921 4645 μέλανα.
945 4568 992 4630 cf.
1014 4569 1115 4629 etiam
1138 4569 1287 4643 Appeud.
1311 4571 1351 4630 ad
1376 4569 1468 4630 stud.
1494 4569 1565 4630 crit.
1589 4584 1620 4643 p.
1645 4569 1699 4630 37.

474 4771 531 4831 Vs.
557 4771 633 4831 860.
731 4770 806 4831 Eur.
831 4766 946 4847 ἕτοιμός
969 4764 1021 4847 εἰμ’
1048 4768 1153 4850 ἔγωγε,
1175 4770 1250 4831 κούκ
1275 4758 1449 4848 ἀναδύομαι

721 4944 723 4948 ,
830 4883 966 4963 δάκνειν,
986 4882 1210 4944 δάκνεσθαι
1227 4884 1434 4965 πρότερος,
1453 4884 1480 4944 εἰ
1497 4883 1592 4969 τούτῳ
1609 4881 1703 4961 δοκεῖ,

830 4992 925 5073 τᾶπη,
947 4994 984 5054 τὰ
1007 4994 1093 5075 μέλη,
1115 4995 1150 5056 τὰ
1174 5006 1267 5077 νεῦρα
1289 5006 1342 5075 τῆς
1364 4997 1542 5084 τραγῳδίας.
