3867 6450
815 1031 856 1090 77

231 1222 330 1296 legere
359 1236 416 1281 me
446 1219 666 1280 meminerim.
698 1216 745 1278 (ii.
777 1217 879 1279 etiam
911 1217 966 1278 vL.
992 1217 1032 1278 ad
1057 1217 1140 1280 ilaei.
1165 1217 1186 1279 i.
1209 1218 1230 1278 i.
1255 1219 1342 1278 Num
1365 1221 1452 1281 forte

231 1335 401 1410 legendum
432 1331 493 1393 ἕιιὶ
522 1332 553 1393 τὸ
584 1334 714 1409 tarpeia?
739 1365 778 1376 -
803 1331 859 1391 VS.
889 1336 904 1390 l
931 1331 1093 1406 pluralem
1116 1332 1241 1410 λοιμούς
1263 1348 1321 1408 pro
1344 1332 1452 1409 λαιμόν

232 1452 333 1509 tuetur
355 1448 433 1508 Eur.
457 1449 514 1508 Ion
541 1448 626 1508 1064
649 1450 765 1521 λαιμῶν
788 1440 892 1518 ἐξάψει
914 1442 1024 1522 βρόχον
1049 1460 1124 1506 cum
1149 1445 1223 1506 aliis
1246 1446 1339 1508 locis.

232 1638 281 1700 Vs.
307 1640 405 1700 1583.
515 1635 551 1697 τὰ
574 1632 606 1696 δὲ
628 1631 701 1715 κρέα
723 1641 777 1694 τοῦ
806 1628 909 1693 ταῦτ’
938 1631 1031 1706 terrra

335 1755 397 1811 Τοῦ
420 1745 500 1810 ποτ’
526 1749 666 1810 coniecit
689 1747 911 1808 Helbertsma.
937 1748 971 1808 si
995 1747 1072 1821 quid
1097 1749 1309 1825 mutandum,
1335 1751 1450 1812 malim

231 1859 301 1923 τάδ’.
323 1866 361 1925 In
385 1863 547 1926 Pisetaeri
569 1871 745 1938 responso:

963 1971 1084 2053 ὄρνιθές
1108 1995 1184 2047 τινες

512 2086 824 2166 ἐπανιστάμενοι
853 2091 914 2159 τοῖς
936 2087 1144 2166 δημοτικοῖσιν
1167 2084 1284 2168 ὀρνέοις

513 2201 621 2276 ἔδοξαν
642 2199 758 2262 ἀδικεῖν

230 2319 328 2392 prima
357 2319 443 2379 facie
473 2318 603 2378 mireris
631 2316 842 2392 participium
872 2330 1042 2392 praesens,
1075 2316 1160 2390 quod
1189 2319 1318 2378 numeri
1341 2322 1452 2394 postu·

230 2431 305 2507 lant,
336 2433 485 2508 positum
516 2431 571 2491 nbi
601 2432 757 2506 expectes
786 2425 1020 2516 ἐπαναστάντες,
1050 2429 1107 2489 sed
1138 2432 1210 2490 arte
1238 2432 1449 2507 participium

232 2547 427 2622 iungendum
451 2548 504 2606 est
525 2561 602 2606 cum
625 2544 725 2605 verbo
749 2540 881 2603 ἀδικεῖνε
905 2543 1096 2604 damnati
1123 2543 1222 2603 sunt
1250 2546 1452 2634 oriminis

232 2658 478 2720 rebellandi.

231 2836 280 2897 Vs.
305 2838 402 2898 1609.
509 2835 672 2913 κλέψαντες
702 2853 759 2911 pro
788 2836 955 2913 κύψαντες,
987 2835 1060 2896 coil.
1093 2835 1149 2910 aq.
1183 2839 1286 2913 1939,
1323 2854 1440 2899 correx

232 2949 342 3012 tinem.
378 2950 410 3008 X
445 2966 475 3025 p.
510 2951 553 3009 92
587 2953 622 3011 et
646 2950 769 3010 ibidem
800 2965 849 3009 vs.
888 2951 973 3011 1613
1006 2942 1071 3026 παρ’
1100 2947 1207 3008 αὐτῶν
1240 2951 1363 3012 conieci
1393 2967 1452 3027 pro

230 3060 393 3140 παρελθὼν.
416 3063 501 3123 illud
523 3064 647 3138 recepit
669 3064 863 3125 vLeenwen.

230 3252 279 3315 Vs.
304 3257 402 3316 1664.
469 3254 577 3317 Verba
607 3254 725 3315 ιιαίσαν
756 3251 852 3316 ὄντων
877 3253 1012 3334 γνησίων
1036 3255 1148 3330 spuria
1171 3272 1245 3317 esse
1268 3255 1454 3319 luculenter

229 3366 298 3428 inde
337 3371 475 3443 apparet
516 3368 600 3441 quod
641 3367 770 3443 legibue
802 3368 923 3429 atticis
965 3383 1191 3441 numquam
1231 3369 1335 3428 notho
1382 3371 1454 3430 erat

230 3476 385 3557 ἀγχιστεία,
408 3481 481 3540 sive
500 3480 641 3555 legitimi
661 3481 761 3542 alicui
785 3480 880 3541 liberi
903 3483 1016 3542 essent
1039 3483 1111 3540 eive
1134 3497 1200 3542 non
1220 3485 1342 3543 essent.
1364 3482 1455 3557 Quod

229 3595 297 3664 post
320 3594 440 3655 Mnem.
464 3593 495 3653 X
510 3610 540 3669 p.
554 3595 597 3653 92
617 3609 665 3667 sq.
680 3595 800 3654 iterum
815 3609 945 3670 moneo,
968 3596 1141 3669 propterea
1153 3594 1238 3669 quod
1250 3596 1451 3670 vLeeuwen,

230 3707 280 3776 qui
301 3707 503 3768 sententiam
527 3721 638 3768 meam
662 3710 916 3783 commemorat,
940 3722 1006 3767 non
1030 3708 1157 3783 saepsit
1181 3707 1321 3769 uncinis

233 3895 280 3956 Vs.
308 3898 403 3958 1679.
472 3897 518 3957 De
537 3913 613 3958 mea
632 3898 821 3958 coniectura
840 3898 970 3969 (tinem.
991 3897 1047 3958 11.
1068 3914 1098 3973 p.
1120 3898 1173 3967 93)
1195 3891 1284 3974 ὄρνιν’
1303 3893 1318 3956 ὀ
1336 3902 1390 3968 i:
1402 3891 1451 3977 od)

231 4007 290 4069 vid.
321 4010 518 4085 vLeeuwen‚
550 4010 606 4083 qui
631 4010 773 4071 fortasse
795 4010 919 4071 rectius
942 4008 1067 4069 Βάσιλιν
1091 4000 1129 4068 αὖ
1155 4015 1215 4079 (vs.
1243 4011 1339 4081 1678)
1363 4011 1452 4071 dedit

229 4135 283 4193 pro
303 4124 473 4200 βασιλιναῦ.

230 4309 281 4370 Vs.
307 4313 392 4372 1790
416 4328 464 4386 sq.
511 4312 560 4375 He
580 4314 642 4375 hoa
658 4313 730 4375 loco
748 4313 822 4372 vide
838 4312 968 4386 quaein
980 4312 1106 4375 Herma
1118 4328 1147 4373 a.
1164 4313 1265 4388 1903,
1279 4328 1309 4387 p.
1326 4313 1388 4372 159
1402 4328 1450 4388 sq.

229 4426 357 4501 scripsit
377 4425 411 4488 0.
435 4426 568 4489 Robert.

229 4612 279 4675 Vs.
307 4616 401 4676 1715.
471 4615 590 4677 Contra
625 4616 754 4677 Bentiei
788 4616 1014 4676 coniecturam
1045 4617 1079 4675 et
1109 4629 1220 4674 meam
1251 4615 1452 4685 (dubitanter

229 4728 426 4801 propositam
458 4729 570 4789 Herm.
594 4728 700 4788 XXIV
722 4745 752 4804 p.
778 4729 854 4798 699)
880 4728 1051 4802 vulgatam
1074 4729 1186 4788 tuetur
1209 4727 1393 4787 vLeeuwen
1415 4728 1450 4786 in

228 4840 412 4912 parenthesi
431 4841 498 4911 (sed
517 4841 708 4928 durissima)
728 4856 854 4916 ponens
873 4841 974 4901 verba
993 4835 1070 4917 ὀσμὴ
1084 4872 1124 4883 -
1138 4842 1232 4917 χωρεῖ.
1253 4838 1449 4913 corruptum

228 4964 297 5012 esse
321 4948 398 5029 ὀσμή
421 4953 580 5027 hodieque
603 4953 771 5013 existimo.
