3867 6450
1092 1076 1136 1137 86

501 1266 557 1328 Vs.
582 1268 657 1329 525.
725 1266 784 1327 Ex.
804 1265 882 1327 crit.
906 1264 955 1325 IX
978 1262 1015 1325 od
1038 1262 1090 1323 τὸν
1113 1268 1183 1341 (pro
1206 1271 1324 1336 τοῦτον)
1347 1298 1388 1309 -
1406 1262 1536 1344 porion
1563 1267 1728 1328 coniciens

500 1382 691 1456 ignorabam
722 1380 809 1441 idem
840 1382 918 1441 ante
948 1394 1003 1440 ms
1032 1379 1243 1455 proposuisse
1274 1378 1434 1441 Goelium.
1465 1379 1528 1440 Sed
1553 1380 1629 1441 vide
1653 1381 1727 1454 quid

500 1499 575 1571 post
607 1494 769 1556 Koolrium
803 1492 955 1555 obvertst
989 1493 1184 1553 vLseuwen.
1221 1526 1262 1537 -
1297 1492 1420 1553 ibidem
1459 1495 1535 1567 post
1568 1492 1727 1555 cobetum

499 1608 652 1685 δαιμόνων
686 1601 777 1672 <θ>
812 1623 860 1668 vs.
893 1608 958 1667 cic
990 1622 1043 1667 me
1073 1607 1224 1667 suasisse
1254 1621 1343 1667 nnnc
1373 1606 1491 1675 video„
1507 1640 1547 1651 -
1572 1607 1628 1667 Vs.
1663 1609 1727 1668 614
1764 1597 1767 1603 ’

498 1726 665 1801 σεληναῖον,
694 1722 779 1797 quod
810 1724 899 1782 recte
929 1719 1115 1782 vLesuwen
1146 1719 1269 1796 recepit
1301 1735 1319 1780 s
1349 1719 1444 1780 libris
1475 1720 1647 1781 nonnullis
1671 1736 1728 1795 pro

497 1836 699 1913 optimorum
734 1834 883 1895 codicum
914 1833 1054 1895 lectione
1087 1832 1271 1911 Σεληναίας,
1300 1832 1422 1893 ibidem
1452 1848 1483 1907 p.
1515 1833 1546 1892 X
1569 1833 1608 1894 de
1633 1850 1726 1894 mera

499 1951 686 2012 coniectura
707 1947 947 2009 commendavi.

498 2178 552 2238 Vs.
578 2178 641 2237 541
666 2191 715 2250 sq.
785 2172 831 2235 Oi.
856 2175 975 2235 Mnem.
998 2173 1079 2233 XIX
1102 2190 1131 2249 p.
1156 2174 1233 2235 323.

496 2404 552 2466 Vs.
577 2405 652 2465 594.
762 2399 823 2463 λιτλ
847 2400 885 2461 τὸ
909 2398 1071 2479 βέλτιον
1094 2398 1126 2459 τὸ
1150 2408 1272 2480 πρᾶγμα
1294 2410 1329 2485 τῇ
1352 2399 1436 2462 πόλει
1460 2402 1703 2474 ξυνοίσεται.

541 2518 639 2591 sequi
659 2531 725 2577 non
744 2516 852 2576 ausim
872 2516 1105 2575 Leeuwenium
1124 2514 1337 2591 recipientem
1352 2515 1486 2576 Romsri
1498 2516 1724 2577 coniecturam

496 2630 682 2707 ξυστήσεται,
713 2630 797 2703 quod
828 2628 967 2690 atticum
997 2643 1063 2690 non
1093 2628 1139 2688 sii
1169 2626 1337 2700 ξυνοίσεται
1366 2644 1425 2703 pro
1449 2627 1579 2701 ξυνοίσει
1602 2632 1724 2700 (medio

495 2759 593 2820 saepe
623 2743 728 2803 utitur
754 2742 965 2816 Herodotus),
997 2741 1029 2802 id
1060 2742 1145 2815 quod
1176 2742 1210 2802 in
1240 2745 1334 2803 tanto
1356 2742 1528 2803 literarum
1552 2743 1724 2818 naufragio

494 2873 551 2933 pro
571 2859 660 2918 certo
679 2856 741 2917 dici
761 2856 884 2930 nequit.
906 2855 1047 2916 Fortiter
1066 2858 1177 2916 autem
1198 2871 1255 2932 pro
1268 2856 1405 2931 vulgata
1423 2856 1565 2917 lectione
1576 2857 1726 2931 pugnant

495 2972 595 3033 verba
624 2967 672 3030 ἒννλ
702 2968 734 3030 τὸ
763 2967 880 3048 βέλτιον
910 2970 1026 3031 eodem
1049 2969 1147 3032 modo
1175 2968 1215 3030 ab
1239 2970 1406 3031 Herodoto
1437 2970 1622 3045 composita
1647 2986 1724 3030 curn

495 3086 593 3146 verbo
625 3080 798 3162 συμφέρειν,
828 3084 905 3144 dum
941 3083 1057 3143 eadem
1089 3082 1284 3157 compositio
1311 3098 1386 3144 oum
1419 3083 1519 3144 verbo
1546 3084 1722 3155 ξυνισνάναι

493 3212 671 3274 nusquam,
696 3196 780 3271 quod
804 3196 923 3273 sciam,
948 3196 1119 3271 reperitur.

494 3424 550 3485 Vs,
575 3425 650 3486 630.
760 3421 840 3494 ὅστις
863 3416 1098 3502 σκαλαθυρμάτι’
1122 3419 1194 3482 ἅττα
1218 3421 1309 3502 μιαρὰ
1332 3422 1502 3501 μανθάνων

760 3530 866 3595 ταῦτ’
893 3532 1078 3612 ἐπιλέλησται
1101 3532 1173 3615 ττρλν
1197 3540 1317 3613 μαθεῖν.

536 3651 569 3710 Si
593 3651 669 3726 quid
692 3651 890 3711 mutandum
916 3652 1019 3731 esset,
1044 3650 1147 3711 etiam
1169 3650 1276 3711 ionius
1299 3666 1398 3724 qnam
1422 3643 1482 3727 εἶν’,
1505 3652 1589 3725 quod
1614 3652 1721 3712 voluit

424 3795 427 3800 -
490 3764 645 3840 Blsydes,
682 3778 739 3837 pro
773 3756 851 3822 ταῦτ’
888 3762 1024 3823 rescribi
1053 3766 1167 3838 posset
1196 3756 1269 3845 κατ’,
1299 3764 1384 3837 qnod
1414 3763 1656 3839 Aristophanes
1684 3769 1720 3825 ut

490 3874 614 3936 κᾶπειτα
645 3869 717 3949 (εἶτα
748 3870 774 3935 δ’
801 3877 883 3939 Ach.
909 3878 976 3937 24?
1000 3876 1062 3937 Sed
1086 3877 1126 3936 of.
1151 3876 1359 3948 Addende)
1384 3878 1551 3938 interdum
1574 3893 1631 3953 pro
1657 3871 1720 3937 εἶτα

491 3988 610 4061 (ἔπειτα)
644 3990 744 4050 infert
777 3992 852 4064 posi
886 3989 1068 4065 participia.
1101 3989 1223 4050 Verum
1258 3989 1346 4050 haud
1381 4005 1455 4051 roro
1490 3990 1604 4051 Graeci
1641 4007 1719 4052 oum

491 4103 599 4164 verbis
629 4116 726 4163 casus
757 4103 906 4178 obliquos
929 4102 1121 4178 regentibus
1144 4106 1347 4178 componunt
1369 4104 1602 4178 pronominum
1626 4119 1720 4165 accu-

490 4218 618 4278 sativos
649 4219 800 4296 neutros,
832 4218 924 4278 velut
954 4219 1036 4281 Acb.
1063 4219 1080 4278 'i
1109 4212 1220 4277 ταῦθ’
1248 4214 1294 4289 ὡς
1319 4215 1490 4297 ἐγανώθην,
1515 4219 1571 4279 ubi
1593 4220 1721 4280 frustra

488 4330 636 4405 Elmsley
658 4332 802 4392 tentavit
823 4325 947 4402 τούτοις.
972 4331 1053 4392 Vide
1076 4346 1159 4406 quoe
1182 4347 1281 4406 supra
1304 4332 1422 4407 scripsi
1445 4332 1485 4393 ad
1508 4332 1564 4406 nq.
1593 4334 1692 4395 1080.

488 4557 544 4618 Vs.
569 4558 634 4619 636
658 4573 706 4632 sq.
730 4561 764 4618 et
787 4559 862 4620 654.
931 4558 1003 4619 Vid.
1028 4559 1147 4619 Mnem.
1171 4558 1267 4618 XXX
1290 4573 1321 4633 p.
1346 4561 1389 4619 43
1412 4575 1461 4634 sq.

488 4783 543 4844 VS.
569 4784 643 4844 694.
705 4838 707 4842 1
754 4786 877 4859 StrepS.
901 4781 976 4864 ἀτὰρ
1000 4784 1027 4843 ιλ
1049 4778 1149 4861 ταῦθ’,
1171 4781 1191 4843 n
1214 4783 1321 4857 πάντες
1344 4784 1440 4864 ἴσμεν,
1462 4757 1627 4863 μανθάννις

754 4899 842 4960 Socr.
867 4894 985 4958 οὐδὲν
1009 4896 1058 4976 μὰ
1081 4897 1144 4957 Δί·
1167 4895 1241 4958 ἀλλὰ
1263 4897 1449 4970 κατακλινεὶς
1474 4898 1616 4978 δευρί-
1632 4898 1694 4960 κτὲ.

354 5019 357 5026 ’
484 5001 486 5006 ’
530 5009 609 5071 Erat
639 5026 714 5071 cum
745 5026 811 5071 non
840 5011 1028 5087 displiceret
1055 5012 1139 5072 mihi
1170 5013 1357 5074 Leeuwenii
1379 5012 1546 5073 sententia
1568 5016 1625 5073 ant
1648 5029 1716 5074 cor·

486 5127 583 5210 rupte
613 5138 686 5184 esse
718 5123 817 5184 verba
848 5121 938 5184 οὐδὲν
968 5122 1010 5202 μὰ
1041 5119 1094 5184 Δί’
1128 5130 1186 5186 eut
1216 5129 1294 5187 ante
1329 5140 1368 5187 ea
1398 5141 1533 5187 versum
1563 5126 1715 5200 periisse.
